
	<record>
		<leader>02234nam a2200481 a 4500</leader>
		<controlfield tag='001'>991012171179703811</controlfield>
		<controlfield tag='005'>20051216133920.0</controlfield>
		<controlfield tag='008'>051130s2005    dcu          f000 0 eng c</controlfield>
		<datafield ind1=' ' ind2=' ' tag='035'>
			<subfield code='a'>(PPT)b29733285-01tuli_inst</subfield>
		</datafield>
		<datafield ind1=' ' ind2=' ' tag='035'>
			<subfield code='a'>(OCoLC)ocm62382812 </subfield>
			<subfield code='9'>ExL</subfield>
		</datafield>
		<datafield ind1=' ' ind2=' ' tag='040'>
			<subfield code='a'>SEN</subfield>
			<subfield code='c'>SEN</subfield>
			<subfield code='d'>SEN</subfield>
			<subfield code='d'>GPO</subfield>
			<subfield code='d'>MvI</subfield>
		</datafield>
		<datafield ind1=' ' ind2=' ' tag='042'>
			<subfield code='a'>pcc</subfield>
		</datafield>
		<datafield ind1=' ' ind2=' ' tag='043'>
			<subfield code='a'>n-us---</subfield>
			<subfield code='a'>n-cn---</subfield>
		</datafield>
		<datafield ind1=' ' ind2=' ' tag='074'>
			<subfield code='a'>1008-C</subfield>
		</datafield>
		<datafield ind1=' ' ind2=' ' tag='074'>
			<subfield code='a'>1008-C (online)</subfield>
		</datafield>
		<datafield ind1=' ' ind2=' ' tag='074'>
			<subfield code='a'>1008-D (online)</subfield>
		</datafield>
		<datafield ind1=' ' ind2=' ' tag='074'>
			<subfield code='a'>1008-D (MF)</subfield>
		</datafield>
		<datafield ind1=' ' ind2=' ' tag='086'>
			<subfield code='a'>Y 1.1/6:109-5</subfield>
		</datafield>
		<datafield ind1='0' ind2=' ' tag='086'>
			<subfield code='a'>Y 1.1/6:109-5</subfield>
		</datafield>
		<datafield ind1='1' ind2=' ' tag='110'>
			<subfield code='a'>United States.</subfield>
			<subfield code='b'>Congress.</subfield>
			<subfield code='b'>Senate.</subfield>
			<subfield code='b'>Committee on Foreign Relations.</subfield>
		</datafield>
		<datafield ind1='1' ind2='0' tag='245'>
			<subfield code='a'>Agreement between the government of the United States of America and the government of Canada on Pacific hake/whiting (Treaty Doc. 108-24) :</subfield>
			<subfield code='b'>report (to accompany Treaty Doc. 108-24).</subfield>
		</datafield>
		<datafield ind1=' ' ind2=' ' tag='260'>
			<subfield code='a'>[Washington, D.C. :</subfield>
			<subfield code='b'>U.S. G.P.O.,</subfield>
			<subfield code='c'>2005]</subfield>
		</datafield>
		<datafield ind1=' ' ind2=' ' tag='300'>
			<subfield code='a'>3 p. ;</subfield>
			<subfield code='c'>24 cm.</subfield>
		</datafield>
		<datafield ind1=' ' ind2=' ' tag='500'>
			<subfield code='a'>Caption title.</subfield>
		</datafield>
		<datafield ind1=' ' ind2=' ' tag='500'>
			<subfield code='a'>Submitted by the Committee on Foreign Relations.</subfield>
		</datafield>
		<datafield ind1=' ' ind2=' ' tag='500'>
			<subfield code='a'>Distributed to some depository libraries in microfiche.</subfield>
		</datafield>
		<datafield ind1=' ' ind2=' ' tag='500'>
			<subfield code='a'>Shipping list no.: 2006-0066-P.</subfield>
		</datafield>
		<datafield ind1=' ' ind2=' ' tag='500'>
			<subfield code='a'>&quot;November 8, 2005.&quot;</subfield>
		</datafield>
		<datafield ind1=' ' ind2=' ' tag='530'>
			<subfield code='a'>Also available via Internet from the GPO Access web site. Address as of 12/12/05: http://frwebgate.access.gpo.gov/cgi-bin/getdoc.cgi?dbname=109%5Fcong%5Freports&amp;docid=f:er005.109 (text version); http://frwebgate.access.gpo.gov/cgi-bin/getdoc.cgi?dbname=109%5Fcong%5Freports&amp;docid=f:er005.109.pdf (PDF version); current access is available via PURLs..</subfield>
		</datafield>
		<datafield ind1='1' ind2='0' tag='610'>
			<subfield code='a'>Canada.</subfield>
			<subfield code='t'>Treaties, etc.</subfield>
			<subfield code='g'>United States,</subfield>
			<subfield code='d'>2003 November 21.</subfield>
		</datafield>
		<datafield ind1=' ' ind2='0' tag='650'>
			<subfield code='a'>Pacific hake</subfield>
			<subfield code='x'>Law and legislation</subfield>
			<subfield code='z'>United States.</subfield>
		</datafield>
		<datafield ind1=' ' ind2='0' tag='650'>
			<subfield code='a'>Pacific hake</subfield>
			<subfield code='x'>Law and legislation</subfield>
			<subfield code='z'>Canada.</subfield>
		</datafield>
		<datafield ind1=' ' ind2='0' tag='650'>
			<subfield code='a'>Pacific hake fisheries</subfield>
			<subfield code='z'>United States.</subfield>
		</datafield>
		<datafield ind1=' ' ind2='0' tag='650'>
			<subfield code='a'>Pacific hake fisheries</subfield>
			<subfield code='z'>Canada.</subfield>
		</datafield>
		<datafield ind1='1' ind2=' ' tag='710'>
			<subfield code='a'>Canada.</subfield>
			<subfield code='t'>Treaties, etc.</subfield>
			<subfield code='g'>United States,</subfield>
			<subfield code='d'>2003 November 21.</subfield>
		</datafield>
		<datafield ind1='1' ind2=' ' tag='810'>
			<subfield code='a'>United States.</subfield>
			<subfield code='b'>Congress.</subfield>
			<subfield code='c'>Senate.</subfield>
			<subfield code='d'>Subfield d.</subfield>
			<subfield code='e'>Subfield e.</subfield>
			<subfield code='g'>Subfield g.</subfield>
			<subfield code='h'>Subfield h.</subfield>
			<subfield code='k'>Subfield k.</subfield>
			<subfield code='l'>Subfield l.</subfield>
			<subfield code='m'>Subfield m.</subfield>
			<subfield code='n'>Subfield n.</subfield>
			<subfield code='o'>Subfield o.</subfield>
			<subfield code='p'>Subfield p.</subfield>
			<subfield code='r'>Subfield r.</subfield>
			<subfield code='s'>Subfield s.</subfield>
			<subfield code='t'>Executive report ;</subfield>
			<subfield code='u'>Subfield u.</subfield>
			<subfield code='v'>109-5.</subfield>
		</datafield>
		<datafield ind1='4' ind2='1' tag='856'>
			<subfield code='3'>Text version:</subfield>
			<subfield code='u'>http://purl.access.gpo.gov/GPO/LPS65589</subfield>
		</datafield>
		<datafield ind1='4' ind2='1' tag='856'>
			<subfield code='3'>PDF version:</subfield>
			<subfield code='u'>http://purl.access.gpo.gov/GPO/LPS65590</subfield>
		</datafield>
		<datafield ind1='0' ind2='0' tag='880'>
			<subfield code='6'>810-01</subfield>
			<subfield code='a'>مطبوعات المجمع؛.</subfield>
		</datafield>
		<datafield ind1=' ' ind2=' ' tag='902'>
			<subfield code='a'>130330</subfield>
		</datafield>
		<datafield ind1=' ' ind2=' ' tag='907'>
			<subfield code='a'>.b29733285</subfield>
			<subfield code='b'>g    </subfield>
			<subfield code='c'>n</subfield>
		</datafield>
		<datafield ind1=' ' ind2=' ' tag='935'>
			<subfield code='a'>ocm62382812</subfield>
		</datafield>
		<datafield ind1=' ' ind2=' ' tag='945'>
			<subfield code='l'>gmi  </subfield>
			<subfield code='g'>1</subfield>
		</datafield>
		<datafield ind1=' ' ind2=' ' tag='998'>
			<subfield code='b'>1</subfield>
			<subfield code='c'>050114</subfield>
			<subfield code='d'>m</subfield>
			<subfield code='e'>a</subfield>
			<subfield code='f'>n</subfield>
			<subfield code='g'>0</subfield>
		</datafield>
		<datafield tag='PRT' >
		</datafield>
	</record>