
	<record>
		<leader>00625pam a2200181 i 4500</leader>
		<controlfield tag='001'>991012177509703811</controlfield>
		<controlfield tag='008'>150925s2016    enk    f b    001 0 eng d</controlfield>
		<datafield ind1=' ' ind2=' ' tag='020'>
			<subfield code='a'>9781137514776 (hbk.)</subfield>
		</datafield>
		<datafield ind1=' ' ind2=' ' tag='020'>
			<subfield code='a'>9781137514783 (pbk.)</subfield>
		</datafield>
		<datafield ind1=' ' ind2=' ' tag='035'>
			<subfield code='a'>(PPT)b61301255-01tuli_inst</subfield>
		</datafield>
		<datafield ind1=' ' ind2=' ' tag='035'>
			<subfield code='a'>(CaONFJC)56953295</subfield>
		</datafield>
		<datafield ind1=' ' ind2='4' tag='090'>
			<subfield code='a'>LC72</subfield>
		</datafield>
		<datafield ind1='1' ind2=' ' tag='100'>
			<subfield code='a'>Williams, Joanna,</subfield>
			<subfield code='e'>author.</subfield>
		</datafield>
		<datafield ind1='1' ind2='0' tag='245'>
			<subfield code='a'>Academic freedom in an age of conformity :</subfield>
			<subfield code='b'>confronting the fear of knowledge /</subfield>
			<subfield code='c'>Joanna Williams.</subfield>
		</datafield>
		<datafield ind1=' ' ind2='1' tag='264'>
			<subfield code='a'>Basingstoke, Hampshire :</subfield>
			<subfield code='b'>Palgrave Macmillan,</subfield>
			<subfield code='c'>2016.</subfield>
		</datafield>
		<datafield ind1=' ' ind2=' ' tag='300'>
			<subfield code='a'>vi, 217 pages ;</subfield>
			<subfield code='c'>23 cm.</subfield>
		</datafield>
		<datafield ind1='0' ind2=' ' tag='490'>
			<subfield code='a'>Palgrave critical university studies</subfield>
		</datafield>
		<datafield ind1=' ' ind2=' ' tag='902'>
			<subfield code='a'>160502</subfield>
		</datafield>
		<datafield ind1=' ' ind2=' ' tag='907'>
			<subfield code='a'>.b61301255</subfield>
			<subfield code='b'>p    </subfield>
			<subfield code='c'>-</subfield>
		</datafield>
		<datafield ind1=' ' ind2=' ' tag='998'>
			<subfield code='b'>1</subfield>
			<subfield code='c'>
			</subfield>
			<subfield code='d'>m</subfield>
			<subfield code='e'>a</subfield>
			<subfield code='f'>-</subfield>
			<subfield code='g'>0</subfield>
		</datafield>
		<datafield tag='HLD' ind1=" " ind2=" ">
			<subfield code="b">AMBLER</subfield>
			<subfield code="c">media</subfield>
			<subfield code="h">DVD 16 A15</subfield>
			<subfield code="8">22287355870003811</subfield>
		</datafield>
		<datafield tag='HLD' >
		</datafield>
	</record>