
	<record>
		<leader>01597nam a2200349 a 4500</leader>
		<controlfield tag='001'>991012176049703811</controlfield>
		<controlfield tag='005'>20000105111457.0</controlfield>
		<controlfield tag='008'>000105s1999    miua     b   s001 0 eng  </controlfield>
		<datafield ind1=' ' ind2=' ' tag='010'>
			<subfield code='a'>98040093</subfield>
		</datafield>
		<datafield ind1=' ' ind2=' ' tag='020'>
			<subfield code='a'>047210960X</subfield>
		</datafield>
		<datafield ind1=' ' ind2=' ' tag='035'>
			<subfield code='a'>(PPT)b21068719-01tuli_inst</subfield>
		</datafield>
		<datafield ind1=' ' ind2=' ' tag='035'>
			<subfield code='a'>(CStRLIN)ocn475735005</subfield>
			<subfield code='9'>ExL</subfield>
		</datafield>
		<datafield ind1=' ' ind2=' ' tag='035'>
			<subfield code='a'>PATG00-B225</subfield>
		</datafield>
		<datafield ind1=' ' ind2=' ' tag='040'>
			<subfield code='a'>DLC</subfield>
			<subfield code='c'>DLC</subfield>
			<subfield code='d'>DLC</subfield>
		</datafield>
		<datafield ind1=' ' ind2=' ' tag='079'>
			<subfield code='a'>ocm39724208</subfield>
		</datafield>
		<datafield ind1=' ' ind2=' ' tag='090'>
			<subfield code='a'>HF1359</subfield>
			<subfield code='b'>.P36 1999</subfield>
		</datafield>
		<datafield ind1='1' ind2=' ' tag='100'>
			<subfield code='a'>Papayoanou, Paul A.,</subfield>
			<subfield code='d'>1963-</subfield>
		</datafield>
		<datafield ind1='1' ind2='0' tag='245'>
			<subfield code='a'>Power ties :</subfield>
			<subfield code='b'>economic interdependence, balancing, and war /</subfield>
			<subfield code='c'>Paul A. Papayoanou.</subfield>
		</datafield>
		<datafield ind1=' ' ind2=' ' tag='260'>
			<subfield code='a'>Ann Arbor :</subfield>
			<subfield code='b'>University of Michigan Press,</subfield>
			<subfield code='c'>c1999.</subfield>
		</datafield>
		<datafield ind1=' ' ind2=' ' tag='300'>
			<subfield code='a'>xv, 193 p. :</subfield>
			<subfield code='b'>ill. ;</subfield>
			<subfield code='c'>24 cm.</subfield>
		</datafield>
		<datafield ind1=' ' ind2=' ' tag='504'>
			<subfield code='a'>Includes bibliographical references (p. 169-182) and index.</subfield>
		</datafield>
		<datafield ind1='0' ind2=' ' tag='505'>
			<subfield code='a'>Empirical puzzles, theoretical issues -- Economic interdependence and the balance of power -- Economic ties and the Franco-Russian Alliance, 1880s-1905 -- Economic interdependence and World War I -- When economic ties break down : the Thirties and World War II -- Economic interdependence and containment : American strategy, NATO, and the long peace -- Summary and implications.</subfield>
		</datafield>
		<datafield ind1=' ' ind2='0' tag='650'>
			<subfield code='a'>International economic relations</subfield>
			<subfield code='x'>History</subfield>
			<subfield code='y'>19th century.</subfield>
		</datafield>
		<datafield ind1=' ' ind2='0' tag='650'>
			<subfield code='a'>International economic relations</subfield>
			<subfield code='x'>History</subfield>
			<subfield code='y'>20th century.</subfield>
		</datafield>
		<datafield ind1=' ' ind2='0' tag='650'>
			<subfield code='a'>Balance of power</subfield>
			<subfield code='x'>History</subfield>
			<subfield code='y'>19th century.</subfield>
		</datafield>
		<datafield ind1=' ' ind2='0' tag='650'>
			<subfield code='a'>Balance of power</subfield>
			<subfield code='x'>History</subfield>
			<subfield code='y'>20th century.</subfield>
		</datafield>
		<datafield ind1='0' ind2=' ' tag='852'>
			<subfield code='8'>22145500330003811</subfield>
			<subfield code='b'>MAIN</subfield>
			<subfield code='c'>stacks</subfield>
			<subfield code='h'>HF1359</subfield>
			<subfield code='i'>.P36 1999</subfield>
		</datafield>
		<datafield ind1=' ' ind2='1' tag='901'>
			<subfield code='i'>39074014247514</subfield>
			<subfield code='l'>pstk</subfield>
			<subfield code='a'>HF1359</subfield>
			<subfield code='b'>.P36 1999</subfield>
			<subfield code='t'>0</subfield>
			<subfield code='s'>-</subfield>
			<subfield code='z'>090</subfield>
		</datafield>
		<datafield ind1=' ' ind2=' ' tag='902'>
			<subfield code='a'>110512</subfield>
		</datafield>
		<datafield ind1=' ' ind2=' ' tag='907'>
			<subfield code='a'>.b21068719</subfield>
			<subfield code='b'>p    </subfield>
			<subfield code='c'>-</subfield>
		</datafield>
		<datafield ind1=' ' ind2=' ' tag='945'>
			<subfield code='l'>pstk </subfield>
			<subfield code='g'>1</subfield>
		</datafield>
		<datafield ind1=' ' ind2=' ' tag='950'>
			<subfield code='l'>P</subfield>
		</datafield>
		<datafield ind1=' ' ind2=' ' tag='998'>
			<subfield code='b'>1</subfield>
			<subfield code='c'>000106</subfield>
			<subfield code='d'>m</subfield>
			<subfield code='e'>a</subfield>
			<subfield code='f'>-</subfield>
			<subfield code='g'>0</subfield>
		</datafield>
		<datafield ind1=' ' ind2=' ' tag='998'>
			<subfield code='a'>01/05/00</subfield>
			<subfield code='t'>c</subfield>
			<subfield code='s'>9110</subfield>
			<subfield code='l'>PATG</subfield>
			<subfield code='n'>PPT</subfield>
			<subfield code='w'>DCLC9840093B</subfield>
			<subfield code='d'>01/05/00</subfield>
			<subfield code='c'>AT </subfield>
			<subfield code='b'>AT</subfield>
		</datafield>
		<datafield tag='HLD' >
		</datafield>
	</record>