
	<record>
		<leader>01994nam a2200433 a 4500</leader>
		<controlfield tag='001'>991012175409703811</controlfield>
		<controlfield tag='005'>20051220135152.0</controlfield>
		<controlfield tag='008'>051212s2005    dcuab    b   f000 0 eng c</controlfield>
		<datafield ind1=' ' ind2=' ' tag='020'>
			<subfield code='a'>0160751535</subfield>
		</datafield>
		<datafield ind1=' ' ind2=' ' tag='035'>
			<subfield code='a'>(PPT)b29734356-01tuli_inst</subfield>
		</datafield>
		<datafield ind1=' ' ind2=' ' tag='035'>
			<subfield code='a'>(OCoLC)ocm62555658 </subfield>
			<subfield code='9'>ExL</subfield>
		</datafield>
		<datafield ind1=' ' ind2=' ' tag='037'>
			<subfield code='a'>552-070-33392-4</subfield>
			<subfield code='b'>GPO</subfield>
		</datafield>
		<datafield ind1=' ' ind2=' ' tag='040'>
			<subfield code='a'>GPO</subfield>
			<subfield code='c'>GPO</subfield>
			<subfield code='d'>GPO</subfield>
			<subfield code='d'>MvI</subfield>
		</datafield>
		<datafield ind1=' ' ind2=' ' tag='042'>
			<subfield code='a'>pcc</subfield>
		</datafield>
		<datafield ind1=' ' ind2=' ' tag='043'>
			<subfield code='a'>n-us---</subfield>
		</datafield>
		<datafield ind1=' ' ind2=' ' tag='074'>
			<subfield code='a'>1016-A</subfield>
		</datafield>
		<datafield ind1=' ' ind2=' ' tag='074'>
			<subfield code='a'>1016-A (online)</subfield>
		</datafield>
		<datafield ind1=' ' ind2=' ' tag='074'>
			<subfield code='a'>1016-B (online)</subfield>
		</datafield>
		<datafield ind1=' ' ind2=' ' tag='074'>
			<subfield code='a'>1016-B (MF)</subfield>
		</datafield>
		<datafield ind1=' ' ind2=' ' tag='086'>
			<subfield code='a'>Y 4.G 74/7:B 81/2</subfield>
		</datafield>
		<datafield ind1='0' ind2=' ' tag='086'>
			<subfield code='a'>Y 4.G 74/7:B 81/2</subfield>
		</datafield>
		<datafield ind1=' ' ind2=' ' tag='088'>
			<subfield code='a'>Serial no. 109-63 (United States. Congress. House. Committee on Government Reform)</subfield>
		</datafield>
		<datafield ind1='1' ind2=' ' tag='110'>
			<subfield code='a'>United States.</subfield>
			<subfield code='b'>Congress.</subfield>
			<subfield code='b'>House.</subfield>
			<subfield code='b'>Committee on Government Reform.</subfield>
			<subfield code='b'>Subcommittee on Federalism and the Census.</subfield>
		</datafield>
		<datafield ind1='1' ind2='0' tag='245'>
			<subfield code='a'>Lands of lost opportunity :</subfield>
			<subfield code='b'>what can be done to spur redevelopment at America&apos;s brownfield sites? : hearing before the Subcommittee on Federalism and the Census of the Committee on Government Reform, House of Representatives, One Hundred Ninth Congress, first session, April 5, 2005.</subfield>
		</datafield>
		<datafield ind1=' ' ind2=' ' tag='260'>
			<subfield code='a'>Washington :</subfield>
			<subfield code='b'>U.S. G.P.O. :</subfield>
			<subfield code='b'>For sale by the Supt. of Docs., U.S. G.P.O.,</subfield>
			<subfield code='c'>2005.</subfield>
		</datafield>
		<datafield ind1=' ' ind2=' ' tag='300'>
			<subfield code='a'>iii, 145 p. :</subfield>
			<subfield code='b'>ill., maps ;</subfield>
			<subfield code='c'>24 cm.</subfield>
		</datafield>
		<datafield ind1=' ' ind2=' ' tag='500'>
			<subfield code='a'>Distributed to some depository libraries in microfiche.</subfield>
		</datafield>
		<datafield ind1=' ' ind2=' ' tag='500'>
			<subfield code='a'>Shipping list no.: 2006-0058-P.</subfield>
		</datafield>
		<datafield ind1=' ' ind2=' ' tag='504'>
			<subfield code='a'>Includes bibliographical references.</subfield>
		</datafield>
		<datafield ind1=' ' ind2=' ' tag='500'>
			<subfield code='a'>&quot;Serial no. 109-63.&quot;</subfield>
		</datafield>
		<datafield ind1=' ' ind2=' ' tag='530'>
			<subfield code='a'>Also available via Internet from the GPO Access web site. Address as of 12/12/05: http://frwebgate.access.gpo.gov/cgi-bin/getdoc.cgi?dbname=109%5Fhouse%5Fhearings&amp;docid=f:23259.pdf; current access available via PURL.</subfield>
		</datafield>
		<datafield ind1=' ' ind2='0' tag='650'>
			<subfield code='a'>Brownfields</subfield>
			<subfield code='x'>Economic aspects</subfield>
			<subfield code='z'>United States.</subfield>
		</datafield>
		<datafield ind1=' ' ind2='0' tag='650'>
			<subfield code='a'>Hazardous waste site remediation</subfield>
			<subfield code='x'>Economic aspects</subfield>
			<subfield code='z'>United States.</subfield>
		</datafield>
		<datafield ind1=' ' ind2='0' tag='650'>
			<subfield code='a'>Urban renewal</subfield>
			<subfield code='z'>United States.</subfield>
		</datafield>
		<datafield ind1='4' ind2='1' tag='856'>
			<subfield code='u'>http://purl.access.gpo.gov/GPO/LPS65558</subfield>
		</datafield>
		<datafield ind1=' ' ind2=' ' tag='902'>
			<subfield code='a'>060110</subfield>
		</datafield>
		<datafield ind1=' ' ind2=' ' tag='907'>
			<subfield code='a'>.b29734356</subfield>
			<subfield code='b'>g    </subfield>
			<subfield code='c'>n</subfield>
		</datafield>
		<datafield ind1=' ' ind2=' ' tag='935'>
			<subfield code='a'>ocm62555658</subfield>
		</datafield>
		<datafield ind1=' ' ind2=' ' tag='945'>
			<subfield code='l'>gmi  </subfield>
			<subfield code='g'>1</subfield>
		</datafield>
		<datafield ind1=' ' ind2=' ' tag='998'>
			<subfield code='b'>1</subfield>
			<subfield code='c'>050114</subfield>
			<subfield code='d'>m</subfield>
			<subfield code='e'>a</subfield>
			<subfield code='f'>n</subfield>
			<subfield code='g'>0</subfield>
		</datafield>
		<datafield tag='PRT' >
		</datafield>
	</record>