
	<record>
		<leader>01908cam a2200445Ia 4500</leader>
		<controlfield tag='001'>991012172649703811</controlfield>
		<controlfield tag='005'>20160413144025.0</controlfield>
		<controlfield tag='008'>000731t19241923nyua          000 0 yid d</controlfield>
		<datafield ind1=' ' ind2=' ' tag='035'>
			<subfield code='a'>(PPT)b61299972-01tuli_inst</subfield>
		</datafield>
		<datafield ind1=' ' ind2=' ' tag='035'>
			<subfield code='a'>(OCoLC)44745166</subfield>
			<subfield code='z'>(OCoLC)20127066</subfield>
		</datafield>
		<datafield ind1=' ' ind2=' ' tag='040'>
			<subfield code='a'>NYP</subfield>
			<subfield code='b'>eng</subfield>
			<subfield code='c'>NYP</subfield>
			<subfield code='d'>EYW</subfield>
			<subfield code='d'>IUL</subfield>
			<subfield code='d'>OCL</subfield>
			<subfield code='d'>OCLCG</subfield>
			<subfield code='d'>OCLCF</subfield>
			<subfield code='d'>OCLCQ</subfield>
		</datafield>
		<datafield ind1=' ' ind2=' ' tag='043'>
			<subfield code='a'>n-us---</subfield>
		</datafield>
		<datafield ind1=' ' ind2=' ' tag='066'>
			<subfield code='c'>(2</subfield>
		</datafield>
		<datafield ind1=' ' ind2=' ' tag='079'>
			<subfield code='a'>ocm44745166</subfield>
		</datafield>
		<datafield ind1=' ' ind2=' ' tag='090'>
			<subfield code='a'>DS146.U6</subfield>
			<subfield code='b'>M45 1924 Whiteman</subfield>
		</datafield>
		<datafield ind1='1' ind2=' ' tag='100'>
			<subfield code='6'>880-01</subfield>
			<subfield code='a'>Meḳler, D. L.,</subfield>
			<subfield code='b'>Subfield B.</subfield>
			<subfield code='c'>Subfield C.</subfield>
			<subfield code='d'>1889-</subfield>
			<subfield code='e'>Subfield E.</subfield>
			<subfield code='j'>Subfield J.</subfield>
			<subfield code='l'>Subfield L.</subfield>
			<subfield code='m'>Subfield M.</subfield>
			<subfield code='n'>Subfield N.</subfield>
			<subfield code='o'>Subfield O.</subfield>
			<subfield code='p'>Subfield P.</subfield>
			<subfield code='q'>Subfield Q.</subfield>
			<subfield code='r'>Subfield R.</subfield>
			<subfield code='t'>Subfield T.</subfield>
			<subfield code='u'>Subfield U.</subfield>
		</datafield>
		<datafield ind1='1' ind2=' ' tag='880'>
			<subfield code='6'>100-01/(2/r</subfield>
			<subfield code='a'>מעקלער, ד.ל.</subfield>
		</datafield>
		<datafield ind1='1' ind2='4' tag='245'>
			<subfield code='6'>880-02</subfield>
			<subfield code='a'>Der emes̀ ṿegen Henri Ford /</subfield>
			<subfield code='c'>fun D.L. Meḳler ; ilusṭrirṭ fun Miṭshel Loueb.</subfield>
		</datafield>
		<datafield ind1='1' ind2='4' tag='880'>
			<subfield code='6'>245-02/(2/r</subfield>
			<subfield code='a'>דער אמת וועגן הענרי פארד :</subfield>
			<subfield code='b'>אילוסטרירט פון מיטשעל לאועב.</subfield>
		</datafield>
		<datafield ind1=' ' ind2=' ' tag='260'>
			<subfield code='6'>880-03</subfield>
			<subfield code='a'>Nyu-Yorḳ :</subfield>
			<subfield code='b'>Pinḳes,</subfield>
			<subfield code='c'>1924, c1923.</subfield>
		</datafield>
		<datafield ind1=' ' ind2=' ' tag='880'>
			<subfield code='6'>260-03/(2/r</subfield>
			<subfield code='a'>ניו יארק :</subfield>
			<subfield code='b'>פנקס,</subfield>
			<subfield code='c'>1924.</subfield>
		</datafield>
		<datafield ind1=' ' ind2=' ' tag='300'>
			<subfield code='a'>126 pages :</subfield>
			<subfield code='b'>illustrations ;</subfield>
			<subfield code='c'>21 cm</subfield>
		</datafield>
		<datafield ind1=' ' ind2=' ' tag='336'>
			<subfield code='a'>text</subfield>
			<subfield code='b'>txt</subfield>
			<subfield code='2'>rdacontent</subfield>
		</datafield>
		<datafield ind1=' ' ind2=' ' tag='337'>
			<subfield code='a'>unmediated</subfield>
			<subfield code='b'>n</subfield>
			<subfield code='2'>rdamedia</subfield>
		</datafield>
		<datafield ind1=' ' ind2=' ' tag='338'>
			<subfield code='a'>volume</subfield>
			<subfield code='b'>nc</subfield>
			<subfield code='2'>rdacarrier</subfield>
		</datafield>
		<datafield ind1=' ' ind2=' ' tag='541'>
			<subfield code='a'>Whiteman, Maxwell ;</subfield>
			<subfield code='c'>Gift</subfield>
		</datafield>
		<datafield ind1=' ' ind2=' ' tag='580'>
			<subfield code='a'>Forms part of the Maxwell Whiteman Collection.</subfield>
		</datafield>
		<datafield ind1=' ' ind2=' ' tag='590'>
			<subfield code='a'>SCRC copy in publisher&apos;s brown cloth with title and illustration on front board printed in black. Illustration depicts a Ku Klux Klan member with an arm around the shoulder of Henry Ford. </subfield>
		</datafield>
		<datafield ind1='1' ind2='0' tag='600'>
			<subfield code='a'>Ford, Henry,</subfield>
			<subfield code='d'>1863-1947</subfield>
			<subfield code='x'>Political and social views.</subfield>
		</datafield>
		<datafield ind1=' ' ind2='0' tag='650'>
			<subfield code='a'>Antisemitism</subfield>
			<subfield code='z'>United States.</subfield>
		</datafield>
		<datafield ind1='1' ind2='7' tag='600'>
			<subfield code='a'>Ford, Henry,</subfield>
			<subfield code='d'>1863-1947.</subfield>
			<subfield code='2'>fast</subfield>
			<subfield code='0'>(OCoLC)fst00035612</subfield>
		</datafield>
		<datafield ind1='1' ind2=' ' tag='700'>
			<subfield code='6'>880-05</subfield>
			<subfield code='a'>Loeb, Mitchell,</subfield>
			<subfield code='d'>1889-</subfield>
			<subfield code='e'>illustrator.</subfield>
		</datafield>
		<datafield ind1='1' ind2=' ' tag='880'>
			<subfield code='6'>700-05/(2/r</subfield>
			<subfield code='a'>לאועב, מיטשעל.</subfield>
		</datafield>
		<datafield ind1='1' ind2=' ' tag='700'>
			<subfield code='a'>Whiteman, Maxwell,</subfield>
			<subfield code='e'>former owner.</subfield>
			<subfield code='5'>PPT</subfield>
		</datafield>
		<datafield ind1='0' ind2='8' tag='773'>
			<subfield code='t'>Maxwell Whiteman Collection</subfield>
		</datafield>
		<datafield ind1='1' ind2='4' tag='880'>
			<subfield code='6'>600-04/(2/r</subfield>
			<subfield code='a'>פארד, הענרי.</subfield>
		</datafield>
		<datafield ind1='0' ind2=' ' tag='852'>
			<subfield code='8'>22116094010003811</subfield>
			<subfield code='b'>SCRC</subfield>
			<subfield code='c'>rarestacks</subfield>
			<subfield code='h'>DS146.U6</subfield>
			<subfield code='i'>M45 1924 Whiteman</subfield>
		</datafield>
		<datafield ind1=' ' ind2=' ' tag='902'>
			<subfield code='a'>160426</subfield>
		</datafield>
		<datafield ind1=' ' ind2=' ' tag='907'>
			<subfield code='a'>.b61299972</subfield>
			<subfield code='b'>s    </subfield>
			<subfield code='c'>-</subfield>
		</datafield>
		<datafield ind1=' ' ind2=' ' tag='945'>
			<subfield code='l'>srare</subfield>
			<subfield code='g'>1</subfield>
		</datafield>
		<datafield ind1=' ' ind2=' ' tag='998'>
			<subfield code='b'>0</subfield>
			<subfield code='c'>160413</subfield>
			<subfield code='d'>m</subfield>
			<subfield code='e'>a</subfield>
			<subfield code='f'>-</subfield>
			<subfield code='g'>4</subfield>
		</datafield>
		<datafield ind1=' ' ind2=' ' tag='998'>
			<subfield code='a'>04/13/16</subfield>
			<subfield code='s'>OCLC</subfield>
			<subfield code='c'>MKD</subfield>
		</datafield>
		<datafield tag='HLD' >
		</datafield>
	</record>