
	<record>
		<leader>01839cam a2200457 a 4500</leader>
		<controlfield tag='001'>991012174149703811</controlfield>
		<controlfield tag='005'>20061121125750.0</controlfield>
		<controlfield tag='008'>060323s2005    dcu          f000 0 eng c</controlfield>
		<datafield ind1=' ' ind2=' ' tag='010'>
			<subfield code='a'>2006360680</subfield>
		</datafield>
		<datafield ind1=' ' ind2=' ' tag='020'>
			<subfield code='a'>0160750342</subfield>
		</datafield>
		<datafield ind1=' ' ind2=' ' tag='020'>
			<subfield code='a'>9780160750342</subfield>
		</datafield>
		<datafield ind1=' ' ind2=' ' tag='035'>
			<subfield code='a'>(PPT)b29734058-01tuli_inst</subfield>
		</datafield>
		<datafield ind1=' ' ind2=' ' tag='035'>
			<subfield code='a'>(OCoLC)ocm62555569 </subfield>
			<subfield code='9'>ExL</subfield>
		</datafield>
		<datafield ind1=' ' ind2=' ' tag='037'>
			<subfield code='a'>552-070-33283-9</subfield>
			<subfield code='b'>GPO</subfield>
		</datafield>
		<datafield ind1=' ' ind2=' ' tag='040'>
			<subfield code='a'>GPO</subfield>
			<subfield code='c'>GPO</subfield>
			<subfield code='d'>DLC</subfield>
			<subfield code='d'>STF</subfield>
			<subfield code='d'>BUF</subfield>
			<subfield code='d'>GPO</subfield>
			<subfield code='d'>MvI</subfield>
		</datafield>
		<datafield ind1=' ' ind2=' ' tag='042'>
			<subfield code='a'>pcc</subfield>
		</datafield>
		<datafield ind1=' ' ind2=' ' tag='043'>
			<subfield code='a'>n-us---</subfield>
		</datafield>
		<datafield ind1=' ' ind2=' ' tag='074'>
			<subfield code='a'>1000-B</subfield>
		</datafield>
		<datafield ind1=' ' ind2=' ' tag='074'>
			<subfield code='a'>1000-B (online)</subfield>
		</datafield>
		<datafield ind1=' ' ind2=' ' tag='074'>
			<subfield code='a'>1000-C (MF)</subfield>
		</datafield>
		<datafield ind1=' ' ind2=' ' tag='074'>
			<subfield code='a'>1000-C (online)</subfield>
		</datafield>
		<datafield ind1=' ' ind2=' ' tag='086'>
			<subfield code='a'>Y 4.EC 7:EM 7/25/2004-4-2</subfield>
		</datafield>
		<datafield ind1='0' ind2=' ' tag='086'>
			<subfield code='a'>Y 4.EC 7:EM 7/25/2004-4-2</subfield>
		</datafield>
		<datafield ind1='1' ind2=' ' tag='110'>
			<subfield code='a'>United States.</subfield>
			<subfield code='b'>Congress.</subfield>
			<subfield code='b'>Joint Economic Committee.</subfield>
		</datafield>
		<datafield ind1='1' ind2='4' tag='245'>
			<subfield code='a'>The employment situation :</subfield>
			<subfield code='b'>March 2004 : hearing before the Joint Economic Committee, Congress of the United States, One Hundred Eighth Congress, second session, April 2, 2004.</subfield>
		</datafield>
		<datafield ind1=' ' ind2=' ' tag='260'>
			<subfield code='a'>Washington :</subfield>
			<subfield code='b'>U.S. G.P.O. :</subfield>
			<subfield code='b'>For sale by the Supt. of Docs., U.S. G.P.O.,</subfield>
			<subfield code='c'>2005.</subfield>
		</datafield>
		<datafield ind1=' ' ind2=' ' tag='300'>
			<subfield code='a'>iii, 64 p. ;</subfield>
			<subfield code='c'>24 cm.</subfield>
		</datafield>
		<datafield ind1='1' ind2=' ' tag='490'>
			<subfield code='a'>S. hrg. ;</subfield>
			<subfield code='v'>108-76</subfield>
		</datafield>
		<datafield ind1=' ' ind2=' ' tag='500'>
			<subfield code='a'>&quot;Printed for the use of the Joint Economic Committee.&quot;</subfield>
		</datafield>
		<datafield ind1=' ' ind2=' ' tag='500'>
			<subfield code='a'>Shipping list no.: 2006-0059-P.</subfield>
		</datafield>
		<datafield ind1=' ' ind2=' ' tag='500'>
			<subfield code='a'>Distributed to some depository libraries in microfiche.</subfield>
		</datafield>
		<datafield ind1=' ' ind2=' ' tag='530'>
			<subfield code='a'>Also available via Internet from the GPO Access web site. Address as of 12/12/05: http://frwebgate.access.gpo.gov/cgi-bin/getdoc.cgi?dbname=108%5Fsenate%5Fhearings&amp;docid=f:23347.pdf; current access is available via PURL.</subfield>
		</datafield>
		<datafield ind1=' ' ind2='0' tag='650'>
			<subfield code='a'>Labor market</subfield>
			<subfield code='z'>United States.</subfield>
		</datafield>
		<datafield ind1=' ' ind2='0' tag='650'>
			<subfield code='a'>Manpower policy</subfield>
			<subfield code='z'>United States.</subfield>
		</datafield>
		<datafield ind1=' ' ind2='0' tag='650'>
			<subfield code='a'>Unemployment</subfield>
			<subfield code='z'>United States.</subfield>
		</datafield>
		<datafield ind1='1' ind2=' ' tag='810'>
			<subfield code='a'>United States.</subfield>
			<subfield code='b'>Congress.</subfield>
			<subfield code='b'>Senate.</subfield>
			<subfield code='t'>S. hrg. ;</subfield>
			<subfield code='v'>108-76.</subfield>
		</datafield>
		<datafield ind1='4' ind2='1' tag='856'>
			<subfield code='u'>http://purl.access.gpo.gov/GPO/LPS65562</subfield>
		</datafield>
		<datafield ind1=' ' ind2=' ' tag='902'>
			<subfield code='a'>140917</subfield>
		</datafield>
		<datafield ind1=' ' ind2=' ' tag='907'>
			<subfield code='a'>.b29734058</subfield>
			<subfield code='b'>gweb </subfield>
			<subfield code='c'>-</subfield>
		</datafield>
		<datafield ind1=' ' ind2=' ' tag='935'>
			<subfield code='a'>ocm62555569</subfield>
		</datafield>
		<datafield ind1=' ' ind2=' ' tag='945'>
			<subfield code='l'>gweb </subfield>
			<subfield code='g'>1</subfield>
		</datafield>
		<datafield ind1=' ' ind2=' ' tag='998'>
			<subfield code='b'>1</subfield>
			<subfield code='c'>050114</subfield>
			<subfield code='d'>m</subfield>
			<subfield code='e'>m</subfield>
			<subfield code='f'>-</subfield>
			<subfield code='g'>4</subfield>
		</datafield>
		<datafield tag='PRT' >
		</datafield>
	</record>