
	<record>
		<leader>01406cam a22003734a 4500</leader>
		<controlfield tag='001'>991012181699703811</controlfield>
		<controlfield tag='005'>20050617080151.0</controlfield>
		<controlfield tag='007'>co ugu||||||||</controlfield>
		<controlfield tag='008'>050113s2005    ilua     b    001 0 eng  </controlfield>
		<datafield ind1=' ' ind2=' ' tag='010'>
			<subfield code='a'>2005000208</subfield>
		</datafield>
		<datafield ind1=' ' ind2=' ' tag='020'>
			<subfield code='a'>0736052062 (soft cover)</subfield>
		</datafield>
		<datafield ind1=' ' ind2=' ' tag='035'>
			<subfield code='a'>(PPT)b29736973-01tuli_inst</subfield>
		</datafield>
		<datafield ind1=' ' ind2=' ' tag='035'>
			<subfield code='a'>ocn490868449</subfield>
			<subfield code='9'>ExL</subfield>
		</datafield>
		<datafield ind1=' ' ind2=' ' tag='035'>
			<subfield code='a'>PPTb29736973</subfield>
		</datafield>
		<datafield ind1=' ' ind2=' ' tag='040'>
			<subfield code='a'>DLC</subfield>
			<subfield code='c'>DLC</subfield>
			<subfield code='d'>DLC</subfield>
			<subfield code='d'>PPT</subfield>
		</datafield>
		<datafield ind1=' ' ind2=' ' tag='042'>
			<subfield code='a'>pcc</subfield>
		</datafield>
		<datafield ind1=' ' ind2=' ' tag='079'>
			<subfield code='a'>ocm57432169</subfield>
		</datafield>
		<datafield ind1=' ' ind2=' ' tag='090'>
			<subfield code='a'>RA776</subfield>
			<subfield code='b'>.G289 2005</subfield>
		</datafield>
		<datafield ind1='1' ind2=' ' tag='100'>
			<subfield code='a'>Gavin, James,</subfield>
			<subfield code='d'>1942-</subfield>
		</datafield>
		<datafield ind1='1' ind2='0' tag='245'>
			<subfield code='a'>Lifestyle fitness coaching /</subfield>
			<subfield code='b'>James Gavin.</subfield>
		</datafield>
		<datafield ind1=' ' ind2=' ' tag='260'>
			<subfield code='a'>Champaign, IL :</subfield>
			<subfield code='b'>Human Kinetics,</subfield>
			<subfield code='c'>c2005.</subfield>
		</datafield>
		<datafield ind1=' ' ind2=' ' tag='300'>
			<subfield code='a'>xiii, 282 p. :</subfield>
			<subfield code='b'>ill. ;</subfield>
			<subfield code='c'>28 cm. +</subfield>
			<subfield code='e'>1 CD-ROM (4 3/4 in.)</subfield>
		</datafield>
		<datafield ind1=' ' ind2=' ' tag='504'>
			<subfield code='a'>Includes bibliographical references (p. 259-269) and index.</subfield>
		</datafield>
		<datafield ind1=' ' ind2=' ' tag='538'>
			<subfield code='a'>System requirements for accompanying CD-ROM: IBM PC compatible with Pentium processor or Power Mac; Windows NT4.0/2000/XP or Mac System 10.2/10.3 or higher; 32 MB RAM; 50 MB hard disk space; 4x CD-ROM drive; Printer; Mouse.</subfield>
		</datafield>
		<datafield ind1=' ' ind2=' ' tag='500'>
			<subfield code='a'>Title on accompanying CD-ROM: MAPS inventory CD-ROM.</subfield>
		</datafield>
		<datafield ind1=' ' ind2='0' tag='650'>
			<subfield code='a'>Physical fitness.</subfield>
		</datafield>
		<datafield ind1=' ' ind2='0' tag='650'>
			<subfield code='a'>Personal coaching.</subfield>
		</datafield>
		<datafield ind1=' ' ind2='0' tag='650'>
			<subfield code='a'>Health promotion.</subfield>
		</datafield>
		<datafield ind1=' ' ind2='0' tag='650'>
			<subfield code='a'>Lifestyles.</subfield>
		</datafield>
		<datafield ind1='0' ind2='2' tag='740'>
			<subfield code='a'>MAPS inventory CD-ROM</subfield>
		</datafield>
		<datafield ind1='4' ind2='1' tag='856'>
			<subfield code='z'>Access table of contents.</subfield>
			<subfield code='u'>http://www.loc.gov/catdir/toc/ecip056/2005000208.html</subfield>
		</datafield>
		<datafield ind1=' ' ind2=' ' tag='902'>
			<subfield code='a'>160609</subfield>
		</datafield>
		<datafield ind1=' ' ind2=' ' tag='907'>
			<subfield code='a'>.b29736973</subfield>
			<subfield code='b'>p    </subfield>
			<subfield code='c'>-</subfield>
		</datafield>
		<datafield ind1=' ' ind2=' ' tag='945'>
			<subfield code='l'>pstk </subfield>
			<subfield code='g'>1</subfield>
		</datafield>
		<datafield ind1=' ' ind2=' ' tag='998'>
			<subfield code='b'>3</subfield>
			<subfield code='c'>060317</subfield>
			<subfield code='d'>m</subfield>
			<subfield code='e'>a</subfield>
			<subfield code='f'>-</subfield>
			<subfield code='g'>0</subfield>
		</datafield>
		<datafield ind1=' ' ind2=' ' tag='998'>
			<subfield code='a'>03/17/06</subfield>
			<subfield code='s'>LC</subfield>
			<subfield code='c'>MRTL</subfield>
		</datafield>
		<datafield tag='PRT' >
		</datafield>
	</record>