
	<record>
		<leader>01215cam a2200349 i 4500</leader>
		<controlfield tag='001'>991012321589760609</controlfield>
		<controlfield tag='005'>20160603073159.0</controlfield>
		<controlfield tag='008'>160122s2016    nyua   f      000 0 eng d</controlfield>
		<datafield ind1=' ' ind2=' ' tag='020'>
			<subfield code='a'>9780071833950</subfield>
			<subfield code='q'>hardcover</subfield>
		</datafield>
		<datafield ind1=' ' ind2=' ' tag='020'>
			<subfield code='a'>0071833951</subfield>
			<subfield code='q'>hardcover</subfield>
		</datafield>
		<datafield ind1=' ' ind2=' ' tag='035'>
			<subfield code='a'>(PPT)b6134395x-01tuli_inst</subfield>
		</datafield>
		<datafield ind1=' ' ind2=' ' tag='035'>
			<subfield code='a'>(OCoLC)947073029</subfield>
		</datafield>
		<datafield ind1=' ' ind2=' ' tag='040'>
			<subfield code='a'>YDXCP</subfield>
			<subfield code='b'>eng</subfield>
			<subfield code='e'>rda</subfield>
			<subfield code='c'>YDXCP</subfield>
			<subfield code='d'>OCLCO</subfield>
			<subfield code='d'>OCLCF</subfield>
		</datafield>
		<datafield ind1=' ' ind2=' ' tag='079'>
			<subfield code='a'>ocn947073029</subfield>
		</datafield>
		<datafield ind1=' ' ind2=' ' tag='090'>
			<subfield code='a'>TK7868.P7</subfield>
			<subfield code='b'>P76 2016</subfield>
		</datafield>
		<datafield ind1='1' ind2=' ' tag='245'>
			<subfield code='a'>Vern Title.</subfield>
			<subfield code='b'>Vern B.</subfield>
			<subfield code='c'>Vern C.</subfield>
			<subfield code='f'>Vern F.</subfield>
			<subfield code='g'>Vern G.</subfield>
			<subfield code='k'>Vern K.</subfield>
			<subfield code='n'>Vern N.</subfield>
			<subfield code='p'>Vern P.</subfield>
			<subfield code='s'>Vern S.</subfield>
		</datafield>
		<datafield ind1='0' ind2='0' tag='245'>
			<subfield code='a'>Spiegel Catalog.</subfield>
			<subfield code='b'>Part B.</subfield>
			<subfield code='c'>Part C.</subfield>
			<subfield code='f'>Part F.</subfield>
			<subfield code='g'>Part G.</subfield>
			<subfield code='k'>Part K.</subfield>
			<subfield code='n'>Part N.</subfield>
			<subfield code='p'>Part P.</subfield>
			<subfield code='s'>Part S.</subfield>
		</datafield>
		<datafield ind1=' ' ind2=' ' tag='250'>
			<subfield code='a'>Seventh edition /</subfield>
			<subfield code='b'>Clyde F. Coombs, Jr., co-editor-in-chief, Happy T. Holden, co-editor-in-chief.</subfield>
		</datafield>
		<datafield ind1=' ' ind2=' ' tag='250'>
			<subfield code='a'>50th anniversary edition.</subfield>
		</datafield>
		<datafield ind1=' ' ind2='1' tag='264'>
			<subfield code='a'>New York :</subfield>
			<subfield code='b'>McGraw-Hill Education,</subfield>
			<subfield code='c'>[2016]</subfield>
		</datafield>
		<datafield ind1=' ' ind2=' ' tag='300'>
			<subfield code='a'>xxiv, 1617 pages :</subfield>
			<subfield code='b'>illustrations ;</subfield>
			<subfield code='c'>25 cm</subfield>
		</datafield>
		<datafield ind1=' ' ind2=' ' tag='336'>
			<subfield code='a'>text</subfield>
			<subfield code='b'>txt</subfield>
			<subfield code='2'>rdacontent</subfield>
		</datafield>
		<datafield ind1=' ' ind2=' ' tag='337'>
			<subfield code='a'>unmediated</subfield>
			<subfield code='b'>n</subfield>
			<subfield code='2'>rdamedia</subfield>
		</datafield>
		<datafield ind1=' ' ind2=' ' tag='338'>
			<subfield code='a'>volume</subfield>
			<subfield code='b'>nc</subfield>
			<subfield code='2'>rdacarrier</subfield>
		</datafield>
		<datafield ind1=' ' ind2='0' tag='650'>
			<subfield code='a'>Printed circuits</subfield>
			<subfield code='v'>Handbooks, manuals, etc.</subfield>
		</datafield>
		<datafield ind1=' ' ind2='7' tag='650'>
			<subfield code='a'>Printed circuits.</subfield>
			<subfield code='2'>fast</subfield>
			<subfield code='0'>(OCoLC)fst01076537</subfield>
		</datafield>
		<datafield ind1=' ' ind2='7' tag='655'>
			<subfield code='a'>Handbooks and manuals.</subfield>
			<subfield code='2'>fast</subfield>
			<subfield code='0'>(OCoLC)fst01423877</subfield>
		</datafield>
		<datafield ind1='1' ind2=' ' tag='700'>
			<subfield code='a'>Coombs, Clyde F.,</subfield>
			<subfield code='e'>editor.</subfield>
		</datafield>
		<datafield ind1='1' ind2=' ' tag='700'>
			<subfield code='a'>Holden, Happy,</subfield>
			<subfield code='e'>editor.</subfield>
		</datafield>
		<datafield ind1='0' ind2=' ' tag='852'>
			<subfield code='8'>22142457640003811</subfield>
			<subfield code='b'>MAIN</subfield>
			<subfield code='c'>stacks</subfield>
			<subfield code='h'>TK7868.P7</subfield>
			<subfield code='i'>P76 2016</subfield>
		</datafield>
		<datafield ind1=' ' ind2=' ' tag='902'>
			<subfield code='a'>160705</subfield>
		</datafield>
		<datafield ind1=' ' ind2=' ' tag='907'>
			<subfield code='a'>.b6134395x</subfield>
			<subfield code='b'>p    </subfield>
			<subfield code='c'>-</subfield>
		</datafield>
		<datafield ind1=' ' ind2=' ' tag='945'>
			<subfield code='l'>pstk </subfield>
			<subfield code='g'>1</subfield>
		</datafield>
		<datafield ind1=' ' ind2=' ' tag='998'>
			<subfield code='b'>1</subfield>
			<subfield code='c'>160603</subfield>
			<subfield code='d'>m</subfield>
			<subfield code='e'>a</subfield>
			<subfield code='f'>-</subfield>
			<subfield code='g'>0</subfield>
		</datafield>
		<datafield ind1=' ' ind2=' ' tag='998'>
			<subfield code='a'>06/03/16</subfield>
			<subfield code='s'>OCLC</subfield>
			<subfield code='c'>AT</subfield>
		</datafield>
		<datafield tag='HLD' >
		</datafield>
	</record>