
	<record>
		<leader>01120cam a22003610  4500</leader>
		<controlfield tag='001'>991012132499760619</controlfield>
		<controlfield tag='008'>831003s1983    nyu      d    00010deng  </controlfield>
		<datafield ind1='0' ind2='0' tag='111'>
			<subfield code='a'>Dictionary of American history: 111.</subfield>
			<subfield code='n'>Subfield N.</subfield>
			<subfield code='d'>Subfield D.</subfield>
			<subfield code='c'>Subfield C.</subfield>
			<subfield code='e'>Subfield E.</subfield>
			<subfield code='j'>Subfield J.</subfield>
			<subfield code='l'>Subfield L.</subfield>
			<subfield code='o'>Subfield O.</subfield>
			<subfield code='p'>Subfield P.</subfield>
			<subfield code='t'>Subfield T.</subfield>
		</datafield>
		<datafield ind1='1' ind2='0' tag='245'>
			<subfield code='a'>Concise dictionary of American history.</subfield>
		</datafield>
		<datafield tag='HLD' >
		</datafield>
	</record>