
	<record>
		<leader>01120cam a22003610  4500</leader>
		<controlfield tag='001'>991012132499760631</controlfield>
		<controlfield tag='008'>831003s1983    nyu      d    00010deng  </controlfield>
		<datafield ind1='0' ind2='0' tag='440'>
			<subfield code='a'>Dictionary of American history: 440.</subfield>
			<subfield code='n'>Subfield N.</subfield>
			<subfield code='p'>Subfield P.</subfield>
			<subfield code='v'>Subfield V.</subfield>
		</datafield>
		<datafield ind1='0' ind2='0' tag='880'>
			<subfield code='6'>440-01</subfield>
			<subfield code='a'>مطبوعات المجمع؛.</subfield>
		</datafield>
		<datafield ind1='1' ind2='0' tag='245'>
			<subfield code='a'>Concise dictionary of American history.</subfield>
		</datafield>
		<datafield tag='HLD' >
		</datafield>
	</record>