
	<record>
		<leader>01120cam a22003610  4500</leader>
		<controlfield tag='001'>991012132499760674</controlfield>
		<controlfield tag='008'>831003s1983    nyu      d    00010deng  </controlfield>
		<datafield ind1='0' ind2='0' tag='648'>
			<subfield code='a'>Dictionary of American history: 648.</subfield>
			<subfield code='v'>Subfield V.</subfield>
			<subfield code='x'>Subfield X.</subfield>
			<subfield code='y'>Subfield Y.</subfield>
			<subfield code='z'>Subfield Z.</subfield>
		</datafield>
		<datafield ind1='1' ind2='0' tag='245'>
			<subfield code='a'>Concise dictionary of American history.</subfield>
		</datafield>
		<datafield tag='HLD' >
		</datafield>
	</record>