
	<record>
		<leader>01120cam a22003610  4500</leader>
		<controlfield tag='001'>991012132499760702</controlfield>
		<controlfield tag='008'>831003s1983    nyu      d    00010deng  </controlfield>
		<datafield ind1='0' ind2='0' tag='245'>
			<subfield code='c'>Annales scientifiques de l'Université de Besançon.$pMathématiques.</subfield>
		</datafield>
		<datafield ind1='0' ind2='6' tag='780'>
			<subfield code='a'>Dictionary of American history: 780.</subfield>
			<subfield code='i'>Subfield I.</subfield>
			<subfield code='b'>Subfield B.</subfield>
			<subfield code='d'>Subfield D.</subfield>
			<subfield code='g'>Subfield G.</subfield>
			<subfield code='h'>Subfield H.</subfield>
			<subfield code='k'>Subfield K.</subfield>
			<subfield code='m'>Subfield M.</subfield>
			<subfield code='n'>Subfield N.</subfield>
			<subfield code='o'>Subfield O.</subfield>
			<subfield code='p'>Subfield P.</subfield>
			<subfield code='q'>Subfield Q.</subfield>
			<subfield code='r'>Subfield R.</subfield>
			<subfield code='s'>Subfield S.</subfield>
			<subfield code='t'>Annales scientifiques de l'Université de Besançon$w(OCoLC)6179013</subfield>
			<subfield code='u'>Subfield U.</subfield>
			<subfield code='x'>Subfield X.</subfield>
			<subfield code='y'>Subfield Y.</subfield>
			<subfield code='z'>Subfield Z.</subfield>
			<subfield code='3'>Subfield 3.</subfield>
		</datafield>
		<datafield tag='HLD' >
		</datafield>
	</record>