
	<record>
		<leader>01120cam a22003610  4500</leader>
		<controlfield tag='001'>991012132499760703</controlfield>
		<controlfield tag='008'>831003s1983    nyu      d    00010deng  </controlfield>
		<datafield ind1='0' ind2='0' tag='245'>
			<subfield code='c'>Annales scientifiques de l'Université de Besançon.$pMathématiques.</subfield>
		</datafield>
		<datafield ind1='0' ind2='7' tag='780'>
			<subfield code='a'>Dictionary of American history: 780.</subfield>
			<subfield code='i'>Subfield I.</subfield>
			<subfield code='b'>Subfield B.</subfield>
			<subfield code='d'>Subfield D.</subfield>
			<subfield code='g'>Subfield G.</subfield>
			<subfield code='h'>Subfield H.</subfield>
			<subfield code='k'>Subfield K.</subfield>
			<subfield code='m'>Subfield M.</subfield>
			<subfield code='n'>Subfield N.</subfield>
			<subfield code='o'>Subfield O.</subfield>
			<subfield code='p'>Subfield P.</subfield>
			<subfield code='q'>Subfield Q.</subfield>
			<subfield code='r'>Subfield R.</subfield>
			<subfield code='s'>Subfield S.</subfield>
			<subfield code='t'>Annales scientifiques de l'Université de Besançon$w(OCoLC)6179013</subfield>
			<subfield code='u'>Subfield U.</subfield>
			<subfield code='x'>Subfield X.</subfield>
			<subfield code='y'>Subfield Y.</subfield>
			<subfield code='z'>Subfield Z.</subfield>
			<subfield code='3'>Subfield 3.</subfield>
		</datafield>
		<datafield tag='HLD' >
		</datafield>
	</record>
	<record>
		<leader>01120cam a22003610  4500</leader>
		<controlfield tag='001'>991012132499760704</controlfield>
		<controlfield tag='008'>831003s1983    nyu      d    00010deng  </controlfield>
		<datafield ind1='0' ind2='0' tag='264'>
			<subfield code='c'>2017.</subfield>
		</datafield>
		<datafield ind1='0' ind2='3' tag='785'>
			<subfield code='a'>Dictionary of American history: 785.</subfield>
			<subfield code='i'>Subfield I.</subfield>
			<subfield code='b'>Subfield B.</subfield>
			<subfield code='d'>Subfield D.</subfield>
			<subfield code='g'>Subfield G.</subfield>
			<subfield code='h'>Subfield H.</subfield>
			<subfield code='k'>Subfield K.</subfield>
			<subfield code='m'>Subfield M.</subfield>
			<subfield code='n'>Subfield N.</subfield>
			<subfield code='o'>Subfield O.</subfield>
			<subfield code='p'>Subfield P.</subfield>
			<subfield code='q'>Subfield Q.</subfield>
			<subfield code='r'>Subfield R.</subfield>
			<subfield code='s'>Subfield S.</subfield>
			<subfield code='t'>Subfield T.</subfield>
			<subfield code='u'>Subfield U.</subfield>
			<subfield code='x'>Subfield X.</subfield>
			<subfield code='y'>Subfield Y.</subfield>
			<subfield code='z'>Subfield Z.</subfield>
			<subfield code='3'>Subfield 3.</subfield>
		</datafield>
		<datafield tag='HLD' >
		</datafield>
	</record>
	<record>
		<leader>01120cam a22003610  4500</leader>
		<controlfield tag='001'>991012132499760705</controlfield>
		<controlfield tag='008'>831003s1983    nyu      d    00010deng  </controlfield>
		<datafield ind1='0' ind2='0' tag='264'>
			<subfield code='c'>2017.</subfield>
		</datafield>
		<datafield ind1='0' ind2='4' tag='785'>
			<subfield code='a'>Dictionary of American history: 785.</subfield>
			<subfield code='i'>Subfield I.</subfield>
			<subfield code='b'>Subfield B.</subfield>
			<subfield code='d'>Subfield D.</subfield>
			<subfield code='g'>Subfield G.</subfield>
			<subfield code='h'>Subfield H.</subfield>
			<subfield code='k'>Subfield K.</subfield>
			<subfield code='m'>Subfield M.</subfield>
			<subfield code='n'>Subfield N.</subfield>
			<subfield code='o'>Subfield O.</subfield>
			<subfield code='p'>Subfield P.</subfield>
			<subfield code='q'>Subfield Q.</subfield>
			<subfield code='r'>Subfield R.</subfield>
			<subfield code='s'>Subfield S.</subfield>
			<subfield code='t'>Subfield T.</subfield>
			<subfield code='u'>Subfield U.</subfield>
			<subfield code='x'>Subfield X.</subfield>
			<subfield code='y'>Subfield Y.</subfield>
			<subfield code='z'>Subfield Z.</subfield>
			<subfield code='3'>Subfield 3.</subfield>
		</datafield>
		<datafield tag='HLD' >
		</datafield>
	</record>
	<record>
		<leader>01120cam a22003610  4500</leader>
		<controlfield tag='001'>991012132499760706</controlfield>
		<controlfield tag='008'>831003s1983    nyu      d    00010deng  </controlfield>
		<datafield ind1='0' ind2='0' tag='264'>
			<subfield code='c'>2017.</subfield>
		</datafield>
		<datafield ind1='0' ind2='5' tag='785'>
			<subfield code='a'>Dictionary of American history: 785.</subfield>
			<subfield code='i'>Subfield I.</subfield>
			<subfield code='b'>Subfield B.</subfield>
			<subfield code='d'>Subfield D.</subfield>
			<subfield code='g'>Subfield G.</subfield>
			<subfield code='h'>Subfield H.</subfield>
			<subfield code='k'>Subfield K.</subfield>
			<subfield code='m'>Subfield M.</subfield>
			<subfield code='n'>Subfield N.</subfield>
			<subfield code='o'>Subfield O.</subfield>
			<subfield code='p'>Subfield P.</subfield>
			<subfield code='q'>Subfield Q.</subfield>
			<subfield code='r'>Subfield R.</subfield>
			<subfield code='s'>Subfield S.</subfield>
			<subfield code='t'>Subfield T.</subfield>
			<subfield code='u'>Subfield U.</subfield>
			<subfield code='x'>Subfield X.</subfield>
			<subfield code='y'>Subfield Y.</subfield>
			<subfield code='z'>Subfield Z.</subfield>
			<subfield code='3'>Subfield 3.</subfield>
		</datafield>
		<datafield tag='HLD' >
		</datafield>
	</record>
	<record>
		<leader>01120cam a22003610  4500</leader>
		<controlfield tag='001'>991012132499760707</controlfield>
		<controlfield tag='008'>831003s1983    nyu      d    00010deng  </controlfield>
		<datafield ind1='0' ind2='0' tag='264'>
			<subfield code='c'>2017.</subfield>
		</datafield>
		<datafield ind1='0' ind2='6' tag='785'>
			<subfield code='a'>Dictionary of American history: 785.</subfield>
			<subfield code='i'>Subfield I.</subfield>
			<subfield code='b'>Subfield B.</subfield>
			<subfield code='d'>Subfield D.</subfield>
			<subfield code='g'>Subfield G.</subfield>
			<subfield code='h'>Subfield H.</subfield>
			<subfield code='k'>Subfield K.</subfield>
			<subfield code='m'>Subfield M.</subfield>
			<subfield code='n'>Subfield N.</subfield>
			<subfield code='o'>Subfield O.</subfield>
			<subfield code='p'>Subfield P.</subfield>
			<subfield code='q'>Subfield Q.</subfield>
			<subfield code='r'>Subfield R.</subfield>
			<subfield code='s'>Subfield S.</subfield>
			<subfield code='t'>Subfield T.</subfield>
			<subfield code='u'>Subfield U.</subfield>
			<subfield code='x'>Subfield X.</subfield>
			<subfield code='y'>Subfield Y.</subfield>
			<subfield code='z'>Subfield Z.</subfield>
			<subfield code='3'>Subfield 3.</subfield>
		</datafield>
		<datafield tag='HLD' >
		</datafield>
	</record>
	<record>
		<leader>01120cam a22003610  4500</leader>
		<controlfield tag='001'>991012132499760708</controlfield>
		<controlfield tag='008'>831003s1983    nyu      d    00010deng  </controlfield>
		<datafield ind1='0' ind2='0' tag='264'>
			<subfield code='c'>2017.</subfield>
		</datafield>
		<datafield ind1='0' ind2='7' tag='785'>
			<subfield code='a'>Dictionary of American history: 785.</subfield>
			<subfield code='i'>Subfield I.</subfield>
			<subfield code='b'>Subfield B.</subfield>
			<subfield code='d'>Subfield D.</subfield>
			<subfield code='g'>Subfield G.</subfield>
			<subfield code='h'>Subfield H.</subfield>
			<subfield code='k'>Subfield K.</subfield>
			<subfield code='m'>Subfield M.</subfield>
			<subfield code='n'>Subfield N.</subfield>
			<subfield code='o'>Subfield O.</subfield>
			<subfield code='p'>Subfield P.</subfield>
			<subfield code='q'>Subfield Q.</subfield>
			<subfield code='r'>Subfield R.</subfield>
			<subfield code='s'>Subfield S.</subfield>
			<subfield code='t'>Subfield T.</subfield>
			<subfield code='u'>Subfield U.</subfield>
			<subfield code='x'>Subfield X.</subfield>
			<subfield code='y'>Subfield Y.</subfield>
			<subfield code='z'>Subfield Z.</subfield>
			<subfield code='3'>Subfield 3.</subfield>
		</datafield>
		<datafield tag='HLD' >
		</datafield>
	</record>
	<record>
		<leader>01120cam a22003610  4500</leader>
		<controlfield tag='001'>991012132499760709</controlfield>
		<controlfield tag='008'>831003s1983    nyu      d    00010deng  </controlfield>
		<datafield ind1='0' ind2='0' tag='264'>
			<subfield code='c'>2017.</subfield>
		</datafield>
		<datafield ind1='0' ind2='8' tag='785'>
			<subfield code='a'>Dictionary of American history: 785.</subfield>
			<subfield code='i'>Subfield I.</subfield>
			<subfield code='b'>Subfield B.</subfield>
			<subfield code='d'>Subfield D.</subfield>
			<subfield code='g'>Subfield G.</subfield>
			<subfield code='h'>Subfield H.</subfield>
			<subfield code='k'>Subfield K.</subfield>
			<subfield code='m'>Subfield M.</subfield>
			<subfield code='n'>Subfield N.</subfield>
			<subfield code='o'>Subfield O.</subfield>
			<subfield code='p'>Subfield P.</subfield>
			<subfield code='q'>Subfield Q.</subfield>
			<subfield code='r'>Subfield R.</subfield>
			<subfield code='s'>Subfield S.</subfield>
			<subfield code='t'>Subfield T.</subfield>
			<subfield code='u'>Subfield U.</subfield>
			<subfield code='x'>Subfield X.</subfield>
			<subfield code='y'>Subfield Y.</subfield>
			<subfield code='z'>Subfield Z.</subfield>
			<subfield code='3'>Subfield 3.</subfield>
		</datafield>
		<datafield tag='HLD' >
		</datafield>
	</record>
	<record>
		<leader>01120cam a22003610  4500</leader>
		<controlfield tag='001'>991012132499760710</controlfield>
		<controlfield tag='008'>831003s1983    nyu      d    00010deng  </controlfield>
		<datafield ind1='0' ind2='0' tag='264'>
			<subfield code='c'>2017.</subfield>
		</datafield>
		<datafield ind1=' ' ind2='' tag='542'>
			<subfield code='a'>Dictionary of American history: 542.</subfield>
			<subfield code='b'>Subfield B.</subfield>
			<subfield code='c'>Subfield C.</subfield>
			<subfield code='d'>Subfield D.</subfield>
			<subfield code='e'>Subfield E.</subfield>
			<subfield code='f'>Subfield F.</subfield>
			<subfield code='g'>Subfield G.</subfield>
			<subfield code='h'>Subfield H.</subfield>
			<subfield code='i'>Subfield I.</subfield>
			<subfield code='j'>Subfield J.</subfield>
			<subfield code='k'>Subfield K.</subfield>
			<subfield code='l'>Subfield L.</subfield>
			<subfield code='m'>Subfield M.</subfield>
			<subfield code='n'>Subfield N.</subfield>
			<subfield code='o'>Subfield O.</subfield>
			<subfield code='p'>Subfield P.</subfield>
			<subfield code='q'>Subfield Q.</subfield>
			<subfield code='r'>Subfield R.</subfield>
			<subfield code='3'>Subfield 3.</subfield>
		</datafield>
		<datafield tag='HLD' >
		</datafield>
	</record>
	<record>
		<leader>01120cam a22003610  4500</leader>
		<controlfield tag='001'>991012132499760711</controlfield>
		<controlfield tag='008'>831003s1983    nyu      d    00010deng  </controlfield>
		<datafield ind1='0' ind2='0' tag='264'>
			<subfield code='c'>2017.</subfield>
		</datafield>
		<datafield ind1='0' ind2='' tag='542'>
			<subfield code='a'>Dictionary of American history: 542.</subfield>
			<subfield code='b'>Subfield B.</subfield>
			<subfield code='c'>Subfield C.</subfield>
			<subfield code='d'>Subfield D.</subfield>
			<subfield code='e'>Subfield E.</subfield>
			<subfield code='f'>Subfield F.</subfield>
			<subfield code='g'>Subfield G.</subfield>
			<subfield code='h'>Subfield H.</subfield>
			<subfield code='i'>Subfield I.</subfield>
			<subfield code='j'>Subfield J.</subfield>
			<subfield code='k'>Subfield K.</subfield>
			<subfield code='l'>Subfield L.</subfield>
			<subfield code='m'>Subfield M.</subfield>
			<subfield code='n'>Subfield N.</subfield>
			<subfield code='o'>Subfield O.</subfield>
			<subfield code='p'>Subfield P.</subfield>
			<subfield code='q'>Subfield Q.</subfield>
			<subfield code='r'>Subfield R.</subfield>
			<subfield code='3'>Subfield 3.</subfield>
		</datafield>
		<datafield tag='HLD' >
		</datafield>
	</record>
	<record>
		<leader>01120cam a22003610  4500</leader>
		<controlfield tag='001'>991012132499760712</controlfield>
		<controlfield tag='008'>831003s1983    nyu      d    00010deng  </controlfield>
		<datafield ind1='0' ind2='0' tag='264'>
			<subfield code='c'>2017.</subfield>
		</datafield>
		<datafield ind1='1' ind2='' tag='542'>
			<subfield code='a'>Dictionary of American history: 542.</subfield>
			<subfield code='b'>Subfield B.</subfield>
			<subfield code='c'>Subfield C.</subfield>
			<subfield code='d'>Subfield D.</subfield>
			<subfield code='e'>Subfield E.</subfield>
			<subfield code='f'>Subfield F.</subfield>
			<subfield code='g'>Subfield G.</subfield>
			<subfield code='h'>Subfield H.</subfield>
			<subfield code='i'>Subfield I.</subfield>
			<subfield code='j'>Subfield J.</subfield>
			<subfield code='k'>Subfield K.</subfield>
			<subfield code='l'>Subfield L.</subfield>
			<subfield code='m'>Subfield M.</subfield>
			<subfield code='n'>Subfield N.</subfield>
			<subfield code='o'>Subfield O.</subfield>
			<subfield code='p'>Subfield P.</subfield>
			<subfield code='q'>Subfield Q.</subfield>
			<subfield code='r'>Subfield R.</subfield>
			<subfield code='3'>Subfield 3.</subfield>
		</datafield>
		<datafield tag='HLD' >
		</datafield>
	</record>
	<record>
		<leader>01120cam a22003610  4500</leader>
		<controlfield tag='001'>991012132499760713</controlfield>
		<controlfield tag='008'>831003s1983    nyu      d    00010deng  </controlfield>
		<datafield ind1=' ' ind2=' ' tag='010'>
			<subfield code='a'>lccn number</subfield>
			<subfield code='b'>Subfield B</subfield>
		</datafield>
		<datafield ind1='0' ind2='0' tag='264'>
			<subfield code='c'>2017.</subfield>
		</datafield>
		<datafield tag='HLD' >
		</datafield>
	</record>
	<record>
		<leader>01120cam a22003610  4500</leader>
		<controlfield tag='001'>991012132499760714</controlfield>
		<controlfield tag='008'>831003s1983    nyu      d    00010deng  </controlfield>
		<datafield ind1=' ' ind2=' ' tag='074'>
			<subfield code='a'>gpo number</subfield>
		</datafield>
		<datafield tag='HLD' >
		</datafield>
	</record>
	<record>
		<leader>01120cam a22003610  4500</leader>
		<controlfield tag='001'>991012132499760715</controlfield>
		<controlfield tag='001'>991012132499760715</controlfield>
		<controlfield tag='008'>831003s1983    nyu      d    00010deng  </controlfield>
		<datafield tag='HLD'>
		</datafield>
	</record>
	<record>
		<leader>01120cam a22003610  4500</leader>
		<controlfield tag='001'>991012132499760716</controlfield>
		<controlfield tag='008'>831003s1983    nyu      d    00010deng  </controlfield>
		<datafield ind1='0' ind2=' ' tag='086'>
			<subfield code='a'>Y 4.C 73/7:S.HRG.109-174</subfield>
		</datafield>
		<datafield tag='HLD' >
		</datafield>
	</record>
	<record>
		<leader>01120cam a22003610  4500</leader>
		<controlfield tag='001'>991012132499760717</controlfield>
		<controlfield tag='008'>831003s1983    nyu      d    00010deng  </controlfield>
		<datafield ind1='1' ind2=' ' tag='086'>
			<subfield code='a'>test</subfield>
		</datafield>
		<datafield tag='HLD' >
		</datafield>
	</record>
	<record>
		<leader>01120cam a22003610  4500</leader>
		<controlfield tag='001'>991012132499760718</controlfield>
		<controlfield tag='008'>831003s1983    nyu      d    00010deng  </controlfield>
		<datafield ind1=' ' ind2=' ' tag='086'>
			<subfield code='a'>test</subfield>
		</datafield>
		<datafield tag='HLD' >
		</datafield>
	</record>