
	<record>
		<leader>01120cam a22003610  4500</leader>
		<controlfield tag='001'>991012132499760727</controlfield>
		<controlfield tag='008'>831003s1983    nyu      d    00010deng  </controlfield>
		<datafield ind1='0' ind2='4' tag='264'>
			<subfield code='a'>Dictionary of American history: 264.</subfield>
			<subfield code='b'>Subfield B.</subfield>
			<subfield code='c'>Subfield C.</subfield>
			<subfield code='3'>Subfield 3.</subfield>
		</datafield>
		<datafield ind1='1' ind2='0' tag='245'>
			<subfield code='a'>Concise dictionary of American history.</subfield>
		</datafield>
		<datafield ind1='4' ind2='1' tag='856'>
			<subfield code='z'>Access Contributor biographical information.</subfield>
			<subfield code='u'>http://www.loc.gov/catdir/toc/ecip0413/2004001291.html</subfield>
		</datafield>
		<datafield tag='PRT' >
		</datafield>
	</record>