
	<record>
		<leader>01322cam a2200313 a 4500</leader>
		<controlfield tag='001'>991012132499760729</controlfield>
		<controlfield tag='005'>20040210180633.0</controlfield>
		<controlfield tag='008'>040120s2004    enk      b    001 0 eng  </controlfield>
		<datafield ind1='1' ind2=' ' tag='100'>
			<subfield code='a'>Constantinou, Costas M.</subfield>
		</datafield>
		<datafield ind1='1' ind2='0' tag='245'>
			<subfield code='a'>States of political discourse :</subfield>
			<subfield code='b'>words, regimes, seditions /</subfield>
			<subfield code='c'>Costas M. Constantinou.</subfield>
		</datafield>
		<datafield ind1='4' ind2='1' tag='856'>
			<subfield code='z'>table of contents</subfield>
			<subfield code='u'>http://www.loc.gov/catdir/toc/ecip0413/2004001291.html</subfield>
		</datafield>
		<datafield tag='HLD' >
		</datafield>
	</record>