
	<record>
		<controlfield tag='001'>991012132499760692</controlfield>
		<controlfield tag='008'>041123s2005    xxu092 e          vljpn d</controlfield>
		<datafield ind1='1' ind2=' ' tag='041'>
			<subfield code='g'>1#$gjpn$heng</subfield>
		</datafield>
		<datafield ind1='0' ind2='0' tag='245'>
			<subfield code='a'>Dictionary of American history: 008.</subfield>
		</datafield>
		<datafield tag='HLD' >
		</datafield>
	</record>