
	<record>
		<controlfield tag='001'>991012132499760699</controlfield>
		<controlfield tag='008'>831003s1983    nyu      d    00010deng  </controlfield>
		<datafield ind1='0' ind2='0' tag='245'>
			<subfield code='a'>Dictionary of American history: 008.</subfield>
		</datafield>
		<datafield tag='HLD' >
		</datafield>
	</record>