
	<record>
		<leader>04141cgm a2200913Ki 4500</leader>
		<controlfield tag="005">20170316163024.0</controlfield>
		<controlfield tag="007">vd cvaizq</controlfield>
		<controlfield tag="008">170123s2017    nyu095            vleng d</controlfield>
		<controlfield tag="001">991030811139703811</controlfield>
		<datafield tag="020" ind1=" " ind2=" ">
			<subfield code="a">9781681432694</subfield>
		</datafield>
		<datafield tag="020" ind1=" " ind2=" ">
			<subfield code="a">1681432692</subfield>
		</datafield>
		<datafield tag="024" ind1="1" ind2=" ">
			<subfield code="a">715515193214</subfield>
		</datafield>
		<datafield tag="028" ind1="4" ind2="2">
			<subfield code="a">CC2733DDVD</subfield>
			<subfield code="b">The Criterion Collection</subfield>
		</datafield>
		<datafield tag="035" ind1=" " ind2=" ">
			<subfield code="a">(PPT)b64298292-01tuli_inst</subfield>
		</datafield>
		<datafield tag="035" ind1=" " ind2=" ">
			<subfield code="a">(OCoLC)969782540</subfield>
		</datafield>
		<datafield tag="037" ind1=" " ind2=" ">
			<subfield code="b">Midwest Tape</subfield>
			<subfield code="n">http://www.midwesttapes.com</subfield>
		</datafield>
		<datafield tag="040" ind1=" " ind2=" ">
			<subfield code="a">TEFMT</subfield>
			<subfield code="b">eng</subfield>
			<subfield code="e">rda</subfield>
			<subfield code="c">TEFMT</subfield>
			<subfield code="d">OCLCO</subfield>
			<subfield code="d">TEF</subfield>
			<subfield code="d">OCLCF</subfield>
			<subfield code="d">TXI</subfield>
		</datafield>
		<datafield tag="050" ind1=" " ind2="4">
			<subfield code="a">PN1997.2</subfield>
			<subfield code="b">.C75 2017</subfield>
		</datafield>
		<datafield tag="079" ind1=" " ind2=" ">
			<subfield code="a">ocn979527849</subfield>
		</datafield>
		<datafield tag="099" ind1=" " ind2=" ">
			<subfield code="a">DVD 17 138</subfield>
		</datafield>
		<datafield tag="130" ind1="0" ind2=" ">
			<subfield code="a">45 years (Motion picture)</subfield>
		</datafield>
		<datafield tag="245" ind1="1" ind2="0">
			<subfield code="a">45 years /</subfield>
			<subfield code="c">Film4 &amp; BFI present ; in association with Creative England ; a production from The Bureau ; written and directed by Andrew Haigh ; producer, Tristan Goligher</subfield>
		</datafield>
		<datafield tag="246" ind1="3" ind2=" ">
			<subfield code="a">Fourty-five years</subfield>
		</datafield>
		<datafield tag="250" ind1=" " ind2=" ">
			<subfield code="a">Special edition.</subfield>
		</datafield>
		<datafield tag="264" ind1=" " ind2="1">
			<subfield code="a">[New York, New York] :</subfield>
			<subfield code="b">The Criterion Collection,</subfield>
			<subfield code="c">[2017]</subfield>
		</datafield>
		<datafield tag="300" ind1=" " ind2=" ">
			<subfield code="a">1 videodisc (95 min.) :</subfield>
			<subfield code="b">DVD video, sound, color ;</subfield>
			<subfield code="c">4 3/4 in.</subfield>
		</datafield>
		<datafield tag="336" ind1=" " ind2=" ">
			<subfield code="a">two-dimensional moving image</subfield>
			<subfield code="b">tdi</subfield>
			<subfield code="2">rdacontent</subfield>
		</datafield>
		<datafield tag="337" ind1=" " ind2=" ">
			<subfield code="a">video</subfield>
			<subfield code="b">v</subfield>
			<subfield code="2">rdamedia</subfield>
		</datafield>
		<datafield tag="338" ind1=" " ind2=" ">
			<subfield code="a">videodisc</subfield>
			<subfield code="b">vd</subfield>
			<subfield code="2">rdacarrier</subfield>
		</datafield>
		<datafield tag="340" ind1=" " ind2=" ">
			<subfield code="a">DVD video</subfield>
			<subfield code="b">4 3/4 in.</subfield>
			<subfield code="2">rda</subfield>
		</datafield>
		<datafield tag="344" ind1=" " ind2=" ">
			<subfield code="a">digital</subfield>
			<subfield code="b">optical</subfield>
			<subfield code="g">surround</subfield>
			<subfield code="h">Dolby digital 5.1</subfield>
			<subfield code="2">rda</subfield>
		</datafield>
		<datafield tag="345" ind1=" " ind2=" ">
			<subfield code="a">widescreen</subfield>
		</datafield>
		<datafield tag="346" ind1=" " ind2=" ">
			<subfield code="b">NTSC</subfield>
			<subfield code="2">rda</subfield>
		</datafield>
		<datafield tag="347" ind1=" " ind2=" ">
			<subfield code="a">video file</subfield>
			<subfield code="b">DVD video</subfield>
			<subfield code="e">region 1</subfield>
			<subfield code="2">rda</subfield>
		</datafield>
		<datafield tag="380" ind1=" " ind2=" ">
			<subfield code="a">Motion picture</subfield>
			<subfield code="2">lcsh</subfield>
		</datafield>
		<datafield tag="490" ind1="1" ind2=" ">
			<subfield code="a">The Criterion collection ;</subfield>
			<subfield code="v">861</subfield>
		</datafield>
		<datafield tag="538" ind1=" " ind2=" ">
			<subfield code="a">DVD; region 1, NTSC; widescreen; Dolby digital 5.1.</subfield>
		</datafield>
		<datafield tag="511" ind1="1" ind2=" ">
			<subfield code="a">Charlotte Rampling, Tom Courtenay.</subfield>
		</datafield>
		<datafield tag="508" ind1=" " ind2=" ">
			<subfield code="a">Director of photography, Lol Crawley ; editor, Jonathan Alberts ; production designer, Sarah Finlay ; costume designer, Suzie Harman</subfield>
		</datafield>
		<datafield tag="500" ind1=" " ind2=" ">
			<subfield code="a">Title from title frame.</subfield>
		</datafield>
		<datafield tag="500" ind1=" " ind2=" ">
			<subfield code="a">Based on the short story by David Constantine.</subfield>
		</datafield>
		<datafield tag="500" ind1=" " ind2=" ">
			<subfield code="a">Originally produced as a motion picture in 2015.</subfield>
		</datafield>
		<datafield tag="500" ind1=" " ind2=" ">
			<subfield code="a">Special edition: audio commentary; new documentary; new interview with David Constantine; trailer; essay by critic Ella Taylor.</subfield>
		</datafield>
		<datafield tag="521" ind1="8" ind2=" ">
			<subfield code="a">MPAA rating: R; for language and brief sexuality.</subfield>
		</datafield>
		<datafield tag="520" ind1=" " ind2=" ">
			<subfield code="a">As Kate and Geoff prepare to celebrate their 45th wedding anniversary, their marriage is shaken when unexpected news threatens to change their lives.</subfield>
		</datafield>
		<datafield tag="650" ind1=" " ind2="0">
			<subfield code="a">Married people</subfield>
			<subfield code="v">Drama.</subfield>
		</datafield>
		<datafield tag="650" ind1=" " ind2="0">
			<subfield code="a">Man-woman relationships</subfield>
			<subfield code="v">Drama.</subfield>
		</datafield>
		<datafield tag="650" ind1=" " ind2="7">
			<subfield code="a">Man-woman relationships.</subfield>
			<subfield code="2">fast</subfield>
			<subfield code="0">(OCoLC)fst01007080</subfield>
		</datafield>
		<datafield tag="650" ind1=" " ind2="7">
			<subfield code="a">Married people.</subfield>
			<subfield code="2">fast</subfield>
			<subfield code="0">(OCoLC)fst01010656</subfield>
		</datafield>
		<datafield tag="655" ind1=" " ind2="7">
			<subfield code="a">Feature films.</subfield>
			<subfield code="2">lcgft</subfield>
		</datafield>
		<datafield tag="655" ind1=" " ind2="7">
			<subfield code="a">Romance films.</subfield>
			<subfield code="2">lcgft</subfield>
		</datafield>
		<datafield tag="655" ind1=" " ind2="7">
			<subfield code="a">Film adaptations.</subfield>
			<subfield code="2">lcgft</subfield>
		</datafield>
		<datafield tag="655" ind1=" " ind2="7">
			<subfield code="a">Fiction films.</subfield>
			<subfield code="2">lcgft</subfield>
		</datafield>
		<datafield tag="655" ind1=" " ind2="7">
			<subfield code="a">Video recordings for the hearing impaired.</subfield>
			<subfield code="2">lcgft</subfield>
		</datafield>
		<datafield tag="655" ind1=" " ind2="7">
			<subfield code="a">Drama.</subfield>
			<subfield code="2">fast</subfield>
			<subfield code="0">(OCoLC)fst01423879</subfield>
		</datafield>
		<datafield tag="655" ind1=" " ind2="7">
			<subfield code="a">Feature films.</subfield>
			<subfield code="2">fast</subfield>
			<subfield code="0">(OCoLC)fst01710384</subfield>
		</datafield>
		<datafield tag="655" ind1=" " ind2="7">
			<subfield code="a">Fiction films.</subfield>
			<subfield code="2">fast</subfield>
			<subfield code="0">(OCoLC)fst01710264</subfield>
		</datafield>
		<datafield tag="655" ind1=" " ind2="7">
			<subfield code="a">Film adaptations.</subfield>
			<subfield code="2">fast</subfield>
			<subfield code="0">(OCoLC)fst01710491</subfield>
		</datafield>
		<datafield tag="655" ind1=" " ind2="7">
			<subfield code="a">Romance films.</subfield>
			<subfield code="2">fast</subfield>
			<subfield code="0">(OCoLC)fst01710332</subfield>
		</datafield>
		<datafield tag="655" ind1=" " ind2="7">
			<subfield code="a">Video recordings for the hearing impaired.</subfield>
			<subfield code="2">fast</subfield>
			<subfield code="0">(OCoLC)fst01710450</subfield>
		</datafield>
		<datafield tag="700" ind1="1" ind2=" ">
			<subfield code="a">Haigh, Andrew,</subfield>
			<subfield code="d">1973-</subfield>
			<subfield code="e">film director,</subfield>
			<subfield code="e">screenwriter.</subfield>
		</datafield>
		<datafield tag="700" ind1="1" ind2=" ">
			<subfield code="a">Goligher, Tristan,</subfield>
			<subfield code="e">film producer.</subfield>
		</datafield>
		<datafield tag="700" ind1="1" ind2=" ">
			<subfield code="a">Crawley, Lol,</subfield>
			<subfield code="d">1974-</subfield>
			<subfield code="e">director of photography.</subfield>
		</datafield>
		<datafield tag="700" ind1="1" ind2=" ">
			<subfield code="a">Alberts, Jonathan,</subfield>
			<subfield code="e">editor of moving image work.</subfield>
		</datafield>
		<datafield tag="700" ind1="1" ind2=" ">
			<subfield code="a">Finlay, Sarah,</subfield>
			<subfield code="e">production designer.</subfield>
		</datafield>
		<datafield tag="700" ind1="1" ind2=" ">
			<subfield code="a">Harman, Suzie,</subfield>
			<subfield code="e">costume designer.</subfield>
		</datafield>
		<datafield tag="700" ind1="1" ind2=" ">
			<subfield code="a">Rampling, Charlotte,</subfield>
			<subfield code="d">1946-</subfield>
			<subfield code="e">actor.</subfield>
		</datafield>
		<datafield tag="700" ind1="1" ind2=" ">
			<subfield code="a">Courtenay, Tom,</subfield>
			<subfield code="e">actor.</subfield>
		</datafield>
		<datafield tag="700" ind1="1" ind2=" ">
			<subfield code="i">Motion picture adaptation of (work):</subfield>
			<subfield code="a">Constantine, David,</subfield>
			<subfield code="d">1944-</subfield>
			<subfield code="t">Short stories.</subfield>
			<subfield code="k">Selections (2015)</subfield>
		</datafield>
		<datafield tag="710" ind1="2" ind2=" ">
			<subfield code="a">FilmFour (Firm),</subfield>
			<subfield code="e">presenter,</subfield>
			<subfield code="e">production company.</subfield>
		</datafield>
		<datafield tag="710" ind1="2" ind2=" ">
			<subfield code="a">British Film Institute,</subfield>
			<subfield code="e">presenter,</subfield>
			<subfield code="e">production company.</subfield>
		</datafield>
		<datafield tag="710" ind1="2" ind2=" ">
			<subfield code="a">Creative England (Organization),</subfield>
			<subfield code="e">production company.</subfield>
		</datafield>
		<datafield tag="710" ind1="2" ind2=" ">
			<subfield code="a">Bureau Film Company,</subfield>
			<subfield code="e">production company.</subfield>
		</datafield>
		<datafield tag="710" ind1="2" ind2=" ">
			<subfield code="a">Criterion Collection (Firm),</subfield>
			<subfield code="e">film distributor.</subfield>
		</datafield>
		<datafield tag="830" ind1=" " ind2="0">
			<subfield code="a">Criterion collection (DVD videodiscs) ;</subfield>
			<subfield code="v">861.</subfield>
		</datafield>
		<datafield tag="907" ind1=" " ind2=" ">
			<subfield code="a">.b64298292</subfield>
			<subfield code="b">pmed </subfield>
			<subfield code="c">g</subfield>
		</datafield>
		<datafield tag="902" ind1=" " ind2=" ">
			<subfield code="a">170421</subfield>
		</datafield>
		<datafield tag="998" ind1=" " ind2=" ">
			<subfield code="b">0</subfield>
			<subfield code="c">170317</subfield>
			<subfield code="d">m</subfield>
			<subfield code="e">g</subfield>
			<subfield code="f">g</subfield>
			<subfield code="g">0</subfield>
		</datafield>
		<datafield tag="998" ind1=" " ind2=" ">
			<subfield code="a">03/17/17</subfield>
			<subfield code="s">OCLC</subfield>
			<subfield code="c">cep </subfield>
		</datafield>
		<datafield tag="945" ind1=" " ind2=" ">
			<subfield code="l">pmed </subfield>
			<subfield code="g">1</subfield>
		</datafield>
		<datafield tag="HLD" ind1=" " ind2=" ">
			<subfield code="b">MEDIA</subfield>
			<subfield code="c">media</subfield>
			<subfield code="h">DVD 17 138</subfield>
			<subfield code="8">22240762280003811</subfield>
		</datafield>
		<datafield tag="ITM" ind1=" " ind2=" ">
			<subfield code="r">22240762280003811</subfield>
			<subfield code="b">1</subfield>
			<subfield code="g">media</subfield>
			<subfield code="9">39074030839930</subfield>
			<subfield code="e">media</subfield>
			<subfield code="8">23240762270003811</subfield>
			<subfield code="a">5</subfield>
			<subfield code="q">2017-06-20 06:04:05</subfield>
			<subfield code="i">DVD 17 138</subfield>
			<subfield code="d">MEDIA</subfield>
			<subfield code="f">MEDIA</subfield>
		</datafield>
	</record>