
	<record>
		<leader>01077nam a2200313u  4500</leader>
		<controlfield tag="001">991036817698903811</controlfield>
		<controlfield tag="005">20170821155937.0</controlfield>
		<controlfield tag="006">m o d |</controlfield>
		<controlfield tag="007">cr -n---------</controlfield>
		<controlfield tag="008">140723t20142014nyua ob 001 0 eng d</controlfield>
		<datafield ind1=" " ind2=" " tag="020">
			<subfield code="a">1-63321-369-2</subfield>
		</datafield>
		<datafield ind1=" " ind2=" " tag="035">
			<subfield code="a">(CKB)3710000000186812</subfield>
		</datafield>
		<datafield ind1=" " ind2=" " tag="035">
			<subfield code="a">(EBL)3024525</subfield>
		</datafield>
		<datafield ind1=" " ind2=" " tag="035">
			<subfield code="a">(SSID)ssj0001267542</subfield>
		</datafield>
		<datafield ind1=" " ind2=" " tag="035">
			<subfield code="a">(PQKBManifestationID)12415673</subfield>
		</datafield>
		<datafield ind1=" " ind2=" " tag="035">
			<subfield code="a">(PQKBTitleCode)TC0001267542</subfield>
		</datafield>
		<datafield ind1=" " ind2=" " tag="035">
			<subfield code="a">(PQKBWorkID)11264413</subfield>
		</datafield>
		<datafield ind1=" " ind2=" " tag="035">
			<subfield code="a">(PQKB)11117030</subfield>
		</datafield>
		<datafield ind1=" " ind2=" " tag="035">
			<subfield code="a">(MiAaPQ)EBC3024525</subfield>
		</datafield>
		<datafield ind1=" " ind2=" " tag="035">
			<subfield code="a">(EXLCZ)993710000000186812</subfield>
		</datafield>
		<datafield ind1=" " ind2=" " tag="040">
			<subfield code="a">MiAaPQ</subfield>
			<subfield code="b">eng</subfield>
			<subfield code="e">rda</subfield>
			<subfield code="e">pn</subfield>
			<subfield code="c">MiAaPQ</subfield>
			<subfield code="d">MiAaPQ</subfield>
		</datafield>
		<datafield ind1=" " ind2=" " tag="041">
			<subfield code="a">eng</subfield>
		</datafield>
		<datafield ind1=" " ind2="4" tag="050">
			<subfield code="a">QD39.3.E46</subfield>
			<subfield code="b">.C628 2014</subfield>
		</datafield>
		<datafield ind1="0" ind2="0" tag="082">
			<subfield code="a">541.0285</subfield>
		</datafield>
		<datafield ind1="1" ind2=" " tag="100">
			<subfield code="a">Bove, Daria.</subfield>
		</datafield>
		<datafield ind1="0" ind2="0" tag="245">
			<subfield code="a">Computational chemistry :</subfield>
			<subfield code="b">theories, methods and applications /</subfield>
			<subfield code="c">Daria Bove, editor.</subfield>
		</datafield>
		<datafield ind1=" " ind2="1" tag="264">
			<subfield code="a">New York :</subfield>
			<subfield code="b">Nova Publishers,</subfield>
			<subfield code="c">2014.</subfield>
		</datafield>
		<datafield ind1=" " ind2="4" tag="264">
			<subfield code="c">©2014</subfield>
		</datafield>
		<datafield ind1=" " ind2=" " tag="300">
			<subfield code="a">1 online resource (217 p.)</subfield>
		</datafield>
		<datafield ind1=" " ind2=" " tag="336">
			<subfield code="a">text</subfield>
			<subfield code="b">txt</subfield>
		</datafield>
		<datafield ind1=" " ind2=" " tag="337">
			<subfield code="a">computer</subfield>
			<subfield code="b">c</subfield>
		</datafield>
		<datafield ind1=" " ind2=" " tag="338">
			<subfield code="a">online resource</subfield>
			<subfield code="b">cr</subfield>
		</datafield>
		<datafield ind1="1" ind2=" " tag="490">
			<subfield code="a">Chemistry Research and Applications</subfield>
		</datafield>
		<datafield ind1=" " ind2=" " tag="500">
			<subfield code="a">Description based upon print version of record.</subfield>
		</datafield>
		<datafield ind1=" " ind2=" " tag="546">
			<subfield code="a">English</subfield>
		</datafield>
		<datafield ind1=" " ind2=" " tag="504">
			<subfield code="a">Includes bibliographical references at the end of each chapters and index.</subfield>
		</datafield>
		<datafield ind1=" " ind2=" " tag="588">
			<subfield code="a">Description based on print version record.</subfield>
		</datafield>
		<datafield ind1=" " ind2="0" tag="650">
			<subfield code="a">Chemistry</subfield>
			<subfield code="x">Data processing.</subfield>
		</datafield>
		<datafield ind1=" " ind2="0" tag="650">
			<subfield code="a">Cheminformatics.</subfield>
		</datafield>
		<datafield ind1=" " ind2="4" tag="655">
			<subfield code="a">Electronic books.</subfield>
		</datafield>
		<datafield ind1=" " ind2=" " tag="776">
			<subfield code="z">1-63321-354-4</subfield>
		</datafield>
		<datafield ind1="1" ind2=" " tag="700">
			<subfield code="a">Bove, Daria,</subfield>
			<subfield code="e">editor.</subfield>
		</datafield>
		<datafield ind1=" " ind2="0" tag="830">
			<subfield code="a">Chemistry research and applications series.</subfield>
		</datafield>
		<datafield ind1=" " ind2=" " tag="906">
			<subfield code="a">BOOK</subfield>
		</datafield>
		<datafield ind1=" " ind2=" " tag="ADM">
			<subfield code="b">2017-12-01 10:41:29</subfield>
			<subfield code="e">(CKB)3710000000186812</subfield>
			<subfield code="d">PQNKB</subfield>
			<subfield code="f">20160803134623.0</subfield>
			<subfield code="a">2014-07-27 09:27:33</subfield>
			<subfield code="c">false</subfield>
		</datafield>
		<datafield ind1=" " ind2=" " tag="PRT">
			<subfield code="a">53395029150003811</subfield>
			<subfield code="e">EBSCOhost</subfield>
			<subfield code="9">Available</subfield>
			<subfield code="c">EBSCOhost Academic eBook Collection (North America)</subfield>
			<subfield code="h">613640000000000029</subfield>
			<subfield code="8">53395029150003811</subfield>
		</datafield>
	</record>