
	<record>
		<leader>01510nam  2200361 i 4500</leader>
		<controlfield tag="001">991036805050403811</controlfield>
		<controlfield tag="005">20170821164154.0</controlfield>
		<controlfield tag="006">m     o  d |      </controlfield>
		<controlfield tag="007">cr -n---------</controlfield>
		<controlfield tag="008">150220t19701970nju     ob    001 0 eng d</controlfield>
		<datafield ind1="1" ind2="0" tag="245">
			<subfield code="a">Tanzania :</subfield>
			<subfield code="b">party transformation and economic development /</subfield>
			<subfield code="c">Henry Bienen.</subfield>
		</datafield>
		<datafield ind1=" " ind2=" " tag="PRT">
			<subfield code="a">53395104810003811</subfield>
			<subfield code="e">EBSCOhost</subfield>
			<subfield code="c">EBSCOhost Academic eBook Collection (North America)</subfield>
			<subfield code="h">613640000000000029</subfield>
			<subfield code="8">53395104810003811</subfield>
		</datafield>
		<datafield ind1=" " ind2=" " tag="PRT">
			<subfield code="a">53424825710003811</subfield>
			<subfield code="e">Ebook Central</subfield>
			<subfield code="c">Ebook Central University Press</subfield>
			<subfield code="h">614330000000000093</subfield>
			<subfield code="8">53424825710003811</subfield>
		</datafield>
		<datafield ind1=" " ind2=" " tag="PRT">
			<subfield code="a">53408990450003811</subfield>
			<subfield code="e">JSTOR</subfield>
			<subfield code="c">JSTOR Books EBA Pilot</subfield>
			<subfield code="h">613810000000000259</subfield>
			<subfield code="8">53408990450003811</subfield>
		</datafield>
	</record>