
	<record>
		<leader>03136cam a2200505 i 4500</leader>
		<controlfield tag="005">20180726090201.0</controlfield>
		<controlfield tag="008">170616t20172017nyua b 001 0 eng</controlfield>
		<controlfield tag="001">991036915609703811</controlfield>
		<datafield ind1=" " ind2=" " tag="010">
			<subfield code="a">2017028164</subfield>
		</datafield>
		<datafield ind1=" " ind2=" " tag="019">
			<subfield code="a">993599844</subfield>
			<subfield code="a">993999278</subfield>
			<subfield code="a">1009018379</subfield>
		</datafield>
		<datafield ind1=" " ind2=" " tag="020">
			<subfield code="a">9781454850120</subfield>
			<subfield code="q">(alk. paper)</subfield>
		</datafield>
		<datafield ind1=" " ind2=" " tag="020">
			<subfield code="a">1454850124</subfield>
			<subfield code="q">(alk. paper)</subfield>
		</datafield>
		<datafield ind1=" " ind2=" " tag="035">
			<subfield code="a">(OCoLC)992437087</subfield>
			<subfield code="z">(OCoLC)993599844</subfield>
			<subfield code="z">(OCoLC)993999278</subfield>
			<subfield code="z">(OCoLC)1009018379</subfield>
		</datafield>
		<datafield ind1=" " ind2=" " tag="040">
			<subfield code="a">DLC</subfield>
			<subfield code="b">eng</subfield>
			<subfield code="e">rda</subfield>
			<subfield code="c">DLC</subfield>
			<subfield code="d">OCLCO</subfield>
			<subfield code="d">OCLCF</subfield>
			<subfield code="d">GZL</subfield>
			<subfield code="d">CLU</subfield>
			<subfield code="d">NDL</subfield>
			<subfield code="d">YDX</subfield>
			<subfield code="d">TULAW</subfield>
		</datafield>
		<datafield ind1=" " ind2=" " tag="042">
			<subfield code="a">pcc</subfield>
		</datafield>
		<datafield ind1=" " ind2=" " tag="043">
			<subfield code="a">n-us---</subfield>
		</datafield>
		<datafield ind1=" " ind2=" " tag="049">
			<subfield code="a">TULA</subfield>
		</datafield>
		<datafield ind1="0" ind2="0" tag="082">
			<subfield code="a">346.7302/9</subfield>
			<subfield code="2">23</subfield>
		</datafield>
		<datafield ind1=" " ind2=" " tag="090">
			<subfield code="a">KF1345.Z9</subfield>
			<subfield code="b">K6 2017</subfield>
		</datafield>
		<datafield ind1="1" ind2=" " tag="100">
			<subfield code="a">Kleinberger, Daniel S.,</subfield>
			<subfield code="d">1950-</subfield>
			<subfield code="e">author.</subfield>
		</datafield>
		<datafield ind1="1" ind2="0" tag="245">
			<subfield code="a">Agency, partnerships, and LLCs /</subfield>
			<subfield code="c">Daniel S. Kleinberger, Professor Emeritus - Mitchell Hamline School of Law; Research Director, Joint Editorial Board on Uniform Unincorporated Organization Acts; reporter, Uniform Law Commission Drafting Committee on Uniform Protected Series Act.</subfield>
		</datafield>
		<datafield ind1="3" ind2=" " tag="246">
			<subfield code="a">Agency, partnerships, and limited liability companies</subfield>
		</datafield>
		<datafield ind1=" " ind2=" " tag="250">
			<subfield code="a">Fifth edition.</subfield>
		</datafield>
		<datafield ind1=" " ind2="1" tag="264">
			<subfield code="a">New York :</subfield>
			<subfield code="b">Wolters Kluwer,</subfield>
			<subfield code="c">[2017]</subfield>
		</datafield>
		<datafield ind1=" " ind2="4" tag="264">
			<subfield code="c">©2017</subfield>
		</datafield>
		<datafield ind1=" " ind2=" " tag="300">
			<subfield code="a">xliii, 707 pages :</subfield>
			<subfield code="b">illustrations ;</subfield>
			<subfield code="c">26 cm.</subfield>
		</datafield>
		<datafield ind1=" " ind2=" " tag="336">
			<subfield code="a">text</subfield>
			<subfield code="b">txt</subfield>
			<subfield code="2">rdacontent</subfield>
		</datafield>
		<datafield ind1=" " ind2=" " tag="337">
			<subfield code="a">unmediated</subfield>
			<subfield code="b">n</subfield>
			<subfield code="2">rdamedia</subfield>
		</datafield>
		<datafield ind1=" " ind2=" " tag="338">
			<subfield code="a">volume</subfield>
			<subfield code="b">nc</subfield>
			<subfield code="2">rdacarrier</subfield>
		</datafield>
		<datafield ind1="1" ind2=" " tag="490">
			<subfield code="a">Examples explanations</subfield>
		</datafield>
		<datafield ind1=" " ind2=" " tag="504">
			<subfield code="a">Includes bibliographical references and index.</subfield>
		</datafield>
		<datafield ind1=" " ind2="0" tag="650">
			<subfield code="a">Agency (Law)</subfield>
			<subfield code="z">United States</subfield>
			<subfield code="v">Outlines, syllabi, etc.</subfield>
		</datafield>
		<datafield ind1=" " ind2="0" tag="650">
			<subfield code="a">Partnership</subfield>
			<subfield code="z">United States</subfield>
			<subfield code="v">Outlines, syllabi, etc.</subfield>
		</datafield>
		<datafield ind1=" " ind2="0" tag="650">
			<subfield code="a">Private companies</subfield>
			<subfield code="z">United States</subfield>
			<subfield code="v">Outlines, syllabi, etc.</subfield>
		</datafield>
		<datafield ind1=" " ind2="7" tag="650">
			<subfield code="a">Agency (Law)</subfield>
			<subfield code="2">fast</subfield>
			<subfield code="0">(OCoLC)fst00800198</subfield>
		</datafield>
		<datafield ind1=" " ind2="7" tag="650">
			<subfield code="a">Partnership.</subfield>
			<subfield code="2">fast</subfield>
			<subfield code="0">(OCoLC)fst01054190</subfield>
		</datafield>
		<datafield ind1=" " ind2="7" tag="650">
			<subfield code="a">Private companies.</subfield>
			<subfield code="2">fast</subfield>
			<subfield code="0">(OCoLC)fst01077461</subfield>
		</datafield>
		<datafield ind1=" " ind2="7" tag="651">
			<subfield code="a">United States.</subfield>
			<subfield code="2">fast</subfield>
			<subfield code="0">(OCoLC)fst01204155</subfield>
		</datafield>
		<datafield ind1=" " ind2="7" tag="655">
			<subfield code="a">Outlines and syllabi.</subfield>
			<subfield code="2">fast</subfield>
			<subfield code="0">(OCoLC)fst01423836</subfield>
		</datafield>
		<datafield ind1=" " ind2="7" tag="655">
			<subfield code="a">Study guides.</subfield>
			<subfield code="2">fast</subfield>
			<subfield code="0">(OCoLC)fst01423888</subfield>
		</datafield>
		<datafield ind1=" " ind2="0" tag="830">
			<subfield code="a">Examples explanations series.</subfield>
		</datafield>
		<datafield ind1=" " ind2=" " tag="979">
			<subfield code="a">ocn992437087</subfield>
		</datafield>
		<datafield ind1=" " ind2=" " tag="994">
			<subfield code="a">C0</subfield>
			<subfield code="b">TULAW</subfield>
		</datafield>
		<datafield ind1=" " ind2=" " tag="997">
			<subfield code="a">20180702115518.0</subfield>
			<subfield code="c">SEY</subfield>
			<subfield code="d">TULAW</subfield>
			<subfield code="s">DLC</subfield>
			<subfield code="e">MARCIVE</subfield>
		</datafield>
		<datafield ind1=" " ind2=" " tag="ADM">
			<subfield code="b">2018-07-26 13:02:01</subfield>
			<subfield code="e">ocn992437087</subfield>
			<subfield code="d">MARCIVE</subfield>
			<subfield code="f">20180725094507.0</subfield>
			<subfield code="a">2018-07-02 15:55:37</subfield>
			<subfield code="c">false</subfield>
		</datafield>
		<datafield ind1="0" ind2=" " tag="HLD">
			<subfield code="b">LAW</subfield>
			<subfield code="c">reserve</subfield>
			<subfield code="h">KF1345.Z9</subfield>
			<subfield code="i">K6 2017</subfield>
			<subfield code="8">22407269680003811</subfield>
		</datafield>
		<datafield ind1=" " ind2=" " tag="ITM">
			<subfield code="r">22407269680003811</subfield>
			<subfield code="b">0</subfield>
			<subfield code="u">WORK_ORDER_DEPARTMENT</subfield>
			<subfield code="h">0</subfield>
			<subfield code="g">reserve</subfield>
			<subfield code="t">BOOK</subfield>
			<subfield code="9">39074803601210</subfield>
			<subfield code="e">reserve</subfield>
			<subfield code="8">23407269670003811</subfield>
			<subfield code="a">0</subfield>
			<subfield code="q">2018-01-10 19:26:17</subfield>
			<subfield code="i">KF1345.Z9 K6 2017</subfield>
			<subfield code="d">LAW</subfield>
			<subfield code="p">2018-05-15 15:59:48</subfield>
			<subfield code="f">LAW</subfield>
		</datafield>
	</record>