
	<record>
		<leader>02193cam a2200541 i 4500</leader>
		<controlfield tag="005">20170825170807.0</controlfield>
		<controlfield tag="008">140307s2014 nyu b 001 0 eng</controlfield>
		<controlfield tag="001">991004574439703811</controlfield>
		<datafield ind1=" " ind2=" " tag="010">
			<subfield code="a">2014000530</subfield>
		</datafield>
		<datafield ind1=" " ind2=" " tag="020">
			<subfield code="a">9781628920475 (hbk.)</subfield>
		</datafield>
		<datafield ind1=" " ind2=" " tag="020">
			<subfield code="a">1628920475 (hbk.)</subfield>
		</datafield>
		<datafield ind1=" " ind2=" " tag="035">
			<subfield code="a">(PPT)b56550789-01tuli_inst</subfield>
		</datafield>
		<datafield ind1=" " ind2=" " tag="035">
			<subfield code="a">(OCoLC)ocn892705308</subfield>
			<subfield code="9">ExL</subfield>
		</datafield>
		<datafield ind1=" " ind2=" " tag="035">
			<subfield code="a">(OCoLC)862347462</subfield>
		</datafield>
		<datafield ind1=" " ind2=" " tag="035">
			<subfield code="a">ocn862347462</subfield>
		</datafield>
		<datafield ind1=" " ind2=" " tag="035">
			<subfield code="a">(OCLC)ocn862347462</subfield>
		</datafield>
		<datafield ind1=" " ind2=" " tag="040">
			<subfield code="a">DLC</subfield>
			<subfield code="e">rda</subfield>
			<subfield code="b">eng</subfield>
			<subfield code="c">DLC</subfield>
			<subfield code="d">IG#</subfield>
			<subfield code="d">YDXCP</subfield>
			<subfield code="d">BTCTA</subfield>
			<subfield code="d">BDX</subfield>
			<subfield code="d">OCLCO</subfield>
			<subfield code="d">CDX</subfield>
			<subfield code="d">OCLCF</subfield>
		</datafield>
		<datafield ind1=" " ind2=" " tag="079">
			<subfield code="a">ocn862347462</subfield>
		</datafield>
		<datafield ind1=" " ind2=" " tag="090">
			<subfield code="a">PR2807</subfield>
			<subfield code="b">.C69 2014</subfield>
		</datafield>
		<datafield ind1="1" ind2=" " tag="100">
			<subfield code="a">Craig, Leon Harold.</subfield>
		</datafield>
		<datafield ind1="1" ind2="0" tag="245">
			<subfield code="a">Philosophy and the puzzles of Hamlet :</subfield>
			<subfield code="b">a study of Shakespeare's method /</subfield>
			<subfield code="c">Leon Harold Craig.</subfield>
		</datafield>
		<datafield ind1=" " ind2="1" tag="264">
			<subfield code="a">New York :</subfield>
			<subfield code="b">Bloomsbury Academic,</subfield>
			<subfield code="c">2014.</subfield>
		</datafield>
		<datafield ind1=" " ind2=" " tag="300">
			<subfield code="a">281 pages ;</subfield>
			<subfield code="c">24 cm</subfield>
		</datafield>
		<datafield ind1=" " ind2=" " tag="336">
			<subfield code="a">text</subfield>
			<subfield code="2">rdacontent</subfield>
		</datafield>
		<datafield ind1=" " ind2=" " tag="337">
			<subfield code="a">unmediated</subfield>
			<subfield code="2">rdamedia</subfield>
		</datafield>
		<datafield ind1=" " ind2=" " tag="338">
			<subfield code="a">volume</subfield>
			<subfield code="2">rdacarrier</subfield>
		</datafield>
		<datafield ind1=" " ind2=" " tag="504">
			<subfield code="a">Includes bibliographical references (pages 271-276) and index.</subfield>
		</datafield>
		<datafield ind1="0" ind2=" " tag="505">
			<subfield code="a">Horatio and the pirates -- Whichever way the wind blows -- The theatre of reality -- "Why, what a king is this!" -- Hamlet's English madness.</subfield>
		</datafield>
		<datafield ind1="1" ind2="0" tag="600">
			<subfield code="a">Shakespeare, William,</subfield>
			<subfield code="d">1564-1616.</subfield>
			<subfield code="t">Hamlet.</subfield>
		</datafield>
		<datafield ind1="1" ind2="0" tag="600">
			<subfield code="a">Shakespeare, William,</subfield>
			<subfield code="d">1564-1616</subfield>
			<subfield code="x">Political and social views.</subfield>
		</datafield>
		<datafield ind1="1" ind2="0" tag="600">
			<subfield code="a">Shakespeare, William,</subfield>
			<subfield code="d">1564-1616</subfield>
			<subfield code="x">Philosophy.</subfield>
		</datafield>
		<datafield ind1="1" ind2="7" tag="600">
			<subfield code="a">Shakespeare, William,</subfield>
			<subfield code="d">1564-1616.</subfield>
			<subfield code="2">fast</subfield>
			<subfield code="0">(OCoLC)fst00029048</subfield>
		</datafield>
		<datafield ind1="0" ind2="7" tag="630">
			<subfield code="a">Hamlet (Shakespeare, William)</subfield>
			<subfield code="2">fast</subfield>
			<subfield code="0">(OCoLC)fst01356128</subfield>
		</datafield>
		<datafield ind1=" " ind2="7" tag="648">
			<subfield code="a">1600 - 1699</subfield>
			<subfield code="2">fast</subfield>
		</datafield>
		<datafield ind1=" " ind2="0" tag="650">
			<subfield code="a">Politics and literature</subfield>
			<subfield code="z">Great Britain</subfield>
			<subfield code="x">History</subfield>
			<subfield code="y">17th century.</subfield>
		</datafield>
		<datafield ind1=" " ind2="0" tag="650">
			<subfield code="a">Politics in literature.</subfield>
		</datafield>
		<datafield ind1=" " ind2="7" tag="650">
			<subfield code="a">Philosophy.</subfield>
			<subfield code="2">fast</subfield>
			<subfield code="0">(OCoLC)fst01060777</subfield>
		</datafield>
		<datafield ind1=" " ind2="7" tag="650">
			<subfield code="a">Political and social views.</subfield>
			<subfield code="2">fast</subfield>
			<subfield code="0">(OCoLC)fst01353986</subfield>
		</datafield>
		<datafield ind1=" " ind2="7" tag="650">
			<subfield code="a">Politics and literature.</subfield>
			<subfield code="2">fast</subfield>
			<subfield code="0">(OCoLC)fst01069960</subfield>
		</datafield>
		<datafield ind1=" " ind2="7" tag="650">
			<subfield code="a">Politics in literature.</subfield>
			<subfield code="2">fast</subfield>
			<subfield code="0">(OCoLC)fst01896084</subfield>
		</datafield>
		<datafield ind1=" " ind2="7" tag="651">
			<subfield code="a">Great Britain.</subfield>
			<subfield code="2">fast</subfield>
			<subfield code="0">(OCoLC)fst01204623</subfield>
		</datafield>
		<datafield ind1=" " ind2="7" tag="655">
			<subfield code="a">History.</subfield>
			<subfield code="2">fast</subfield>
			<subfield code="0">(OCoLC)fst01411628</subfield>
		</datafield>
		<datafield ind1=" " ind2=" " tag="902">
			<subfield code="a">161215</subfield>
		</datafield>
		<datafield ind1=" " ind2=" " tag="907">
			<subfield code="a">.b56550789</subfield>
			<subfield code="b">p</subfield>
			<subfield code="c">-</subfield>
		</datafield>
		<datafield ind1=" " ind2=" " tag="945">
			<subfield code="l">pstk</subfield>
			<subfield code="g">1</subfield>
		</datafield>
		<datafield ind1=" " ind2=" " tag="979">
			<subfield code="a">ocn862347462</subfield>
		</datafield>
		<datafield ind1=" " ind2=" " tag="998">
			<subfield code="b">1</subfield>
			<subfield code="c">140923</subfield>
			<subfield code="d">m</subfield>
			<subfield code="e">a</subfield>
			<subfield code="f">-</subfield>
			<subfield code="g">0</subfield>
		</datafield>
		<datafield ind1=" " ind2=" " tag="998">
			<subfield code="b">1</subfield>
			<subfield code="c">140923</subfield>
			<subfield code="d">m</subfield>
			<subfield code="e">a</subfield>
			<subfield code="f">-</subfield>
			<subfield code="g">0</subfield>
		</datafield>
		<datafield ind1=" " ind2=" " tag="ADM">
			<subfield code="b">2018-06-21 07:06:59</subfield>
			<subfield code="e">b56550789-01tuli_inst</subfield>
			<subfield code="d">ILS</subfield>
			<subfield code="a">2017-06-20 08:47:44</subfield>
			<subfield code="c">false</subfield>
		</datafield>
		<datafield ind1="0" ind2=" " tag="HLD">
			<subfield code="b">MAIN</subfield>
			<subfield code="c">stacks</subfield>
			<subfield code="h">PR2807</subfield>
			<subfield code="i">.C69 2014</subfield>
			<subfield code="8">22286718120003811</subfield>
		</datafield>
		<datafield ind1=" " ind2=" " tag="ITM">
			<subfield code="r">22286718120003811</subfield>
			<subfield code="b">1</subfield>
			<subfield code="h">0</subfield>
			<subfield code="g">stacks</subfield>
			<subfield code="t">BOOK</subfield>
			<subfield code="9">39074028686426</subfield>
			<subfield code="e">stacks</subfield>
			<subfield code="8">23286718110003811</subfield>
			<subfield code="a">0</subfield>
			<subfield code="q">2017-06-20 08:47:44</subfield>
			<subfield code="i">PR2807 .C69 2014</subfield>
			<subfield code="d">MAIN</subfield>
			<subfield code="f">MAIN</subfield>
		</datafield>
	</record>
</collection>
